@String{ACR = {Acc. Chem. Res.}}
@String{AC = {Acta Crystallographica}}
@String{AFM = {Adv. Func. Mater.}}
@String{AnChem = {Anal. Chem.}}
@String{AM = {Adv. Mater.}}
@String{ACIS = {Adv. Colloid Interface Sci.}}
@String{AP = {Adv. Phys.}}
@String{AQC = {Adv. Quantum Chem.}}
@String{AIChEJ = {Am. Inst. Chem. Eng. J.}}
@String{AJHG = {Am. J. Hum. Gen.}}
@String{AJP = {Am. J. Phys.}}
@String{AS = {Am. Sci.}}
@String{AdP = {Ann. der Phys.}}
@String{AnnP = {Ann. Phys.}}
@String{ARPC = {Annu. Rev. Phys. Chem.}}
@String{ARBBS = {Annu. Rev. Biophys. Biomol. Struct.}}
@String{ARFM = {Annu. Rev. Fluid Mech.}}
@String{AST = {Aerosol Sci. Tech.}}
@String{AO = {Appl. Opt.}}
@String{APA = {Appl. Phys. A}}
@String{APB = {Appl. Phys. B}}
@String{APL = {Appl. Phys. Lett.}}
@String{AJ = {Astrophys. J.}}
@String{BJ = {Biophys. J.}}
@String{CMB = {Cell. Mol. Bio.}}
@String{CP = {Chem. Phys.}}
@String{CPL = {Chem. Phys. Lett.}}
@String{CR = {Chem. Rev.}}
@String{CCM = {Clays Clay Minerals}}
@String{ChemP = {Chem. Phys.}}
@String{ChemSci = {Chem. Sci.}}
@String{ContempPhys = {Contemp. Phys.}}
@String{CPS = {Colloid Polymer Sci.}}
@String{CS = {Colloids Surfaces}}
@String{CSA = {Colloids Surfaces A}}
@String{CRAS = {C. R. Acad. Sci.}}
@String{ContempP = {Contemp. Phys.}}
@String{COB = {Cur. Opin. Biotech.}}
@String{COCB = {Cur. Opin. Cell Bio.}}
@String{COCIS = {Cur. Opin. Colloid Interface Sci.}}
@String{COSB = {Cur. Opin. Structural Bio.}}
@String{DN = {Die Naturwissenschaften}}
@String{EA = {Electrochim. Acta}}
@String{ElecL = {Elect. Lett.}}
@String{EPL = {Europhys. Lett.}}
@String{EPJB = {Euro. Phys. J. B}}
@String{EPJE = {Euro. Phys. J. E}}
@String{ECR = {Exp. Cell. Res.}}
@String{EF = {Exp. Fluids}}
@String{FD = {Faraday Discuss.}}
@String{FDCS = {Faraday Discuss. Chem. Soc.}}
@String{FIO = {Fiber Integrated Opt.}}
@String{FJAC = {Fresnius J. Anal. Chem.}}
@String{FPE = {Fluid Phase Equilibria}}
@String{FH = {Food Hydrocolloids}}
@String{GABE = {Genetic Anal.: Biomol. Eng.}}
@String{GFD = {Geo. Fluid Dynamics}}
@String{IEEETSP = {IEEE Trans. Signal Proc.}}
@String{IEEEJQE = {IEEE J. Quantum Elec.}}
@String{IEEEJSTQE = {IEEE J. Sel. Top. Quantum Elec.}}
@String{INC = {Il Nuovo Cimento}}
@String{IJMPB = {Int. J. Mod. Phys. B}}
@String{JASA = {J. Acoust. Soc. Am.}}
@String{JDS = {J. Dairy Sci.}}
@String{JJAP = {Jap. J. Appl. Phys.}}
@String{JdCP = {J. Chim. Phys.}}
@String{JdPI = {J. Physique I (France)}}
@String{JdPII = {J. Physique II (France)}}
@String{JdP = {J. Physique, France}}
@String{JdPL = {J. Physique Lett.}}
@String{JAC = {J. Appl. Cryst.}}
@String{JAP = {J. Appl. Phys.}}
@String{JCellS = {J. Cell. Sci.}}
@String{JCP = {J. Chem. Phys.}}
@String{JCSFT = {J. Chem. Soc. Faraday Trans.}}
@String{JCIS = {J. Colloid Interface Sci.}}
@String{JDST = {J. Dispersion Sci. Tech.}}
@String{JEC = {J. Electroanal. Chem.}}
@String{JEM = {J. Eng. Math.}}
@String{JFM = {J. Fluid Mech.}}
@String{JLTP = {J. Low Temp. Phys.}}
@String{JM = {J. Microscopy}}
@String{JMO = {J. Mod. Opt.}}
@String{JML = {J. Mol. Liquids}}
@String{JNCS = {J. Non-Crystalline Solids}}
@String{JO = {J. Opt.}}
@String{JOA = {J. Opt. A}}
@String{JOB = {J. Opt. B}}
@String{JPrCh = {J. Prakt. Chem.}}
@String{JPC = {J. Phys. Chem.}}
@String{JPCB = {J. Phys. Chem. B}}
@String{JPCS = {J. Phys. Chem. Solids}}
@String{JPharmSci = {J. Pharm. Sci.}}
@String{JPhysA = {J. Phys. A}}
@String{JPhysB = {J. Phys. B}}
@String{JPhysC = {J. Phys. C}}
@String{JPhysD = {J. Phys. D}}
@String{JPhysF = {J. Phys. F}}
@String{JPhysCM = {J. Phys.: Condens. Matter}}
@String{JPS = {J. Polymer Sci.}}
@String{JQSRT = {J. Quant. Spectr. Rad. Trans.}}
@String{JR = {J. Rheology}}
@String{JSM = {J. Stat. Mech.}}
@String{JSP = {J. Stat. Phys.}}
@String{JTB = {J. Theor. Biol.}}
@String{JVST = {J. Vacuum Sci. Tech.}}
@String{JVSTA = {J. Vacuum Sci. Tech. A}}
@String{JVSTB = {J. Vacuum Sci. Tech. B}}
@String{JACS = {J. Am. Chem. Soc.}}
@String{JCS = {J. Chem. Soc.}}
@String{JES = {J. Electrochem. Soc.}}
@String{JOSA = {J. Opt. Soc. Am.}}
@String{JOSAA = {J. Opt. Soc. Am. A}}
@String{JOSAB = {J. Opt. Soc. Am. B}}
@String{JPSJ = {J. Phys. Soc. Jap.}}
@String{LOC = {Lab Chip}}
@String{MPLB = {Mod. Phys. Lett. B}}
@String{MRSB = {MRS Bull.}}
@String{MG = {Math. Geo.}}
@String{MST = {Meas. Sci. Tech.}}
@String{ME = {Microelectronic Eng.}}
@String{MP = {Mol. Phys.}}
@String{NB = {Nat. Biotech.}}
@String{NatComm = {Nat. Commun.}}
@String{NatPhot = {Nat. Photonics}}
@String{NatPhys = {Nat. Phys.}}
@String{NC = {Neural Computation}}
@String{NJP = {New J. Phys.}}
@String{NL = {Nano Lett.}}
@String{NM = {Nature Mater.}}
@String{NPB = {Nucl. Phys. B}}
@String{OA = {Opt. Acta}}
@String{OQE = {Opt. Quantum Elect.}}
@String{OC = {Opt. Commun.}}
@String{OE = {Opt. Eng.}}
@String{OL = {Opt. Lett.}}
@String{OR = {Opt. Rev.}}
@String{OX = {Opt. Express}}
@String{PT = {Phase Trans.}}
@String{PTRSLA = {Phil. Trans. Roy. Soc. A}}
@String{PTRSLB = {Phil. Trans. Roy. Soc. B}}
@String{PM = {Phil. Mag.}}
@String{PMA = {Phil. Mag. A}}
@String{PMB = {Phil. Mag. B}}
@String{PA = {Physica A}}
@String{PB = {Physica B}}
@String{PC = {Physica C}}
@String{PD = {Physica D}}
@String{PE = {Physica E}}
@String{PS = {Phys. Scr.}}
@String{PCCP = {Phys. Chem. Chem. Phys.}}
@String{PCL = {Phys. Chem. Liquids}}
@String{PR = {Phys. Rev.}}
@String{PRA = {Phys. Rev. A}}
@String{PRB = {Phys. Rev. B}}
@String{PRE = {Phys. Rev. E}}
@String{PRL = {Phys. Rev. Lett.}}
@String{PRX = {Phys. Rev. X}}
@String{PL = {Phys. Lett.}}
@String{PLA = {Phys. Lett. A}}
@String{PRep = {Phys. Rep.}}
@String{PW = {Phys. World}}
@String{PF = {Phys. Fluids}}
@String{PFA = {Phys. Fluids A}}
@String{PFB = {Phys. Fluids B}}
@String{PZ = {Phys. Z.}}
@String{PI = {Polymer Int.}}
@String{PowderTech = {Powder Tech.}}
@String{PAAAS = {Proc. Am. Acad. Arts Sci.}}
@String{PCPS = {Proc. Cambridge Phil. Soc.}}
@String{PNAS = {Proc. Natl. Acad. Sci. U.S.A.}}
@String{PO = {Prog. Opt.}}
@String{PRSA = {Proc. Royal Soc. A}}
@String{PRSE = {Proc. Royal Soc. Edinburgh}}
@String{PRSL = {Proc. Royal Soc. London A}}
@String{PRSLB = {Proc. Royal Soc. London B}}
@String{PSPIE = {Proc. SPIE}}
@String{ProgCPS = {Prog. Colloid Polym. Sci.}}
@String{PQE = {Prog. Quantum Elect.}}
@String{PTP = {Prog. Theor. Phys.}}
@String{RA = {Rheol. Acta}}
@String{RPPPJ = {Rep. Prog. Polymer Phys. Jap.}}
@String{RPP = {Rep. Prog. Phys.}}
@String{RSI = {Rev. Sci. Instrum.}}
@String{RMP = {Rev. Mod. Phys.}}
@String{SA = {Sci. Am.}}
@String{SR = {Sci. Rep.}}
@String{SAA = {Sens. Actuators A}}
@String{SAB = {Sens. Actuators B}}
@String{SEMSC = {Solar Energy Mater. Solar Cell.}}
@String{SSC = {Solid State Comm.}}
@String{SSI = {Solid State Ionics}}
@String{SPJETP = {Sov. Phys. JETP}}
@String{SST = {Superconductor Sci. Tech.}}
@String{SM = {Superlattices Microstructures}}
@String{JG = {J. Geo.}}
@String{TFS = {Trans. Faraday Soc.}}
@String{ZPB = {Z. Phys. B}}
@String{ZS = {Zoo. Studies}}
