@STRING{ajp	= {Am. J. Phys.} }
@STRING{ao	= {Appl. Opt.} }
@STRING{josaa	= {J. Opt. Soc. Am. A} }
@STRING{oc	= {Opt. Commun.} }
@STRING{ol	= {Opt. Lett.} }
@STRING{ox	= {Opt. Express} }
@STRING{po	= {Prog. Opt.} }
@STRING{pra	= {Phys. Rev. A} }
@STRING{prl	= {Phys. Rev. Lett.} }
@STRING{pre = {Phys. Rev. E} }

@Article{	  allen92,
  author	= {Allen, L. and Beijersbergen, M.~W. and Spreeuw, R.~J.~C.
		  and Woerdman, J.~P.},
  title		= {Orbital angular-momentum of light and the transformation
		  of {Laguerre-Gaussian} laser modes},
  journal	= pra,
  year		= 1992,
  key		= {optical vortex, theory, experiment},
  volume	= 45,
  number	= 11,
  pages		= {8185-8189},
  annote	= {Original discussion of orbital angular momentum carried by
		  LG modes. Highly cited.}
}

@Article{	  ballentine94,
  author	= {Ballentine, L. E. and Yang, Yumin and Zibin, J. P.},
  title		= {Inadequacy of {Ehrenfest}'s theorem to characterize the
		  classical regime},
  journal	= pra,
  year		= 1994,
  volume	= 50,
  pages		= 2854
}

@Article{	  berry79,
  author	= {Berry, M. V. and Balazs, N. L.},
  title		= {Nonspreading wave packets},
  journal	= ajp,
  year		= 1979,
  volume	= 47,
  pages		= {264-267}
}

@Article{	  durnin87,
  author	= {Durnin, J.},
  title		= {Exact-solutions for nondiffracting beams. 1. The scalar
		  theory},
  journal	= josaa,
  year		= 1987,
  volume	= 4,
  pages		= {651-654}
}

@Article{	  durnin87a,
  author	= {Durnin, J. and Miceli, Jr, J. J. and Eberly, J. H.},
  title		= {Diffraction-free beams},
  journal	= prl,
  year		= 1987,
  volume	= 58,
  pages		= {1499-1501}
}

@Article{	  leach02,
  author	= {Leach, Jonathan and Padgett, Miles J. and Barnett, Stephen
		  M. and Franke-Arnold, Sonja and Courtial, Johannes},
  title		= {Measuring the orbital angular momentum of a single
		  photon},
  journal	= prl,
  year		= 2002,
  key		= {optical vortex, angular momentum, theory, experiment,
		  interferometer},
  volume	= 88,
  number	= 25,
  pages		= 257901
}

@Article{	  schattschneider14,
  author	= {Schattschneider, P. and Schachinger, Th. and
		  St\"oger-Pollach, M. and L\"offler, S. and
		  Steiger-Thirsfeld, A. and Bliokh, K. Y. and Nori, Franco},
  title		= {Imaging the dynamics of free-electron {Landau} states},
  journal	= {Nat. Comm.},
  year		= 2014,
  volume	= 5,
  pages		= {1-6}
}

@Article{	  tervo01,
  author	= {Tervo, Jani and Turunen, Jari},
  title		= {Rotating scale-invariant electromagnetic fields},
  journal	= ox,
  year		= 2001,
  volume	= 9,
  pages		= {9-15}
}

@Article{	  lee10,
  author	= {Lee, Sang-Hyuk and Roichman, Yohai and Grier, David G.},
  title		= {Optical solenoid beams},
  journal	= ox,
  year		= 2010,
  key		= {hot, cgh},
  volume	= 18,
  pages		= {6988-6993},
  lastmodified	= 20100314,
  version	= {solenoid5c},
  doi		= {10.1364/OE.18.006988}
}

@Article{	  mondal18,
  author	= {Mondal, Argha and Yevick and Aaron and Blackburn, Lauren
		  C. and Kanellakopoulos, Nikitas and Grier, David G.},
  title		= {Projecting non-diffracting waves with intermediate-plane
		  holography},
  journal	= ox,
  year		= 2018,
  volume	= 26,
  pages		= {3926-3931},
  lastmodified	= 20180325,
  version	= {intermediate3c},
  doi		= {10.1364/OE.26.003926}
}

@Article{	  allen99,
  author	= {Allen, L. and Padgett, M.~J. and Babiker, M.},
  title		= {The orbital angular momentum of light},
  journal	= po,
  year		= 1999,
  key		= {optical tweezer, optical vortex, physics, optics, review},
  volume	= 39,
  pages		= {291-372}
}

@Article{	  bandres13,
  author	= {Bandres, Miguel A. and Alonso, Miguel A. and Kaminer, Ido
		  and Segev, Mordechai},
  title		= {Three-dimensional accelerating electromagnetic waves},
  journal	= ox,
  year		= 2013,
  volume	= 21,
  pages		= {13917-13929}
}

@Article{	  chremmos13,
  author	= {Chremmos, Ioannis D. and Efremidis, Nikolaos K.},
  title		= {Nonparaxial accelerating {Bessel}-like beams},
  journal	= pra,
  year		= 2013,
  volume	= 88,
  pages		= 063816
}

@Article{ firth97,
author = {Firth, WJ and Skryabin, DV},
title = {Optical solitons carrying orbital angular momentum},
journal = prl,
year = 1997,
volume = 79,
pages = {2450-2453}
}

@Article{	  kaminer12,
  author	= {Kaminer, Ido and Bekenstein, Rivka and Nemirovsky,
		  Jonathan and Segev, Mordechai},
  title		= {Nondiffracting accelerating wave packets of {Maxwell's}
		  equations},
  journal	= prl,
  year		= 2012,
  volume	= 108,
  pages		= 163901
}

@Article{	  paterson96,
  author	= {Paterson, Carl and Smith, Robin},
  title		= {Helicon waves: propagation-invariant waves in a rotating
		  coordinate system},
  journal	= oc,
  year		= 1996,
  volume	= 124,
  pages		= {131-140}
}

@Article{	  schulze15,
  author	= {Schulze, Christian and Roux, Filippus S. and Dudley,
		  Angela and Rop, Ronald and Duparr\'e, Michael and Forbes,
		  Andrew},
  title		= {Accelerated rotation with orbital angular momentum modes},
  journal	= pra,
  year		= 2015,
  volume	= 91,
  pages		= 043821
}

@Article{	  siviloglou07,
  author	= {Siviloglou, G. A. and Broky, J. and Dogariu, A. and
		  Christodoulides, D. N.},
  title		= {Observation of accelerating {Airy} beams},
  journal	= prl,
  year		= 2007,
  volume	= 99,
  pages		= 213901
}

@Article{	  siviloglou07a,
  author	= {Siviloglou, Georgios A. and Christodoulides, Demetrios
		  N.},
  title		= {Accelerating finite energy {Airy} beams},
  journal	= ol,
  year		= 2007,
  volume	= 32,
  pages		= {979-981}
}

@Article{ skryabin98,
author = {Skryabin, DV and Firth, WJ},
title = {Dynamics of self-trapped beams with phase dislocation in saturable {Kerr}
and quadratic nonlinear media},
journal = pre,
year = 1998,
volume = 58,
pages = {3916-3930}
}

@Article{	  vasilyeu09,
  author	= {Vasilyeu, Ruslan and Dudley, Angela and Khilo, Nikolai and
		  Forbes, Andrew},
  title		= {Generating superpositions of higher-order {Bessel} beams},
  journal	= ox,
  year		= 2009,
  volume	= 17,
  pages		= {23389-23395}
}

@Article{	  vetter14,
  author	= {Vetter, Christian and Eichelkraut and Ornigotti, Marco and
		  Szameit, Alexander},
  title		= {Generalized radially self-accelerating helicon beams},
  journal	= prl,
  year		= 2014,
  volume	= 113,
  pages		= 183901
}

@Article{	  zhang12nonparaxial,
  author	= {Zhang, Peng and Hu, Yi and Li, Tongcang and Cannan, Drake
		  and Yin, Xiobo and Morandotti, Roberto and Chen, Zhigang
		  and Zhang, Xiang},
  title		= {Nonparaxial {Matthieu} and {Weber} accelerating beams},
  journal	= prl,
  year		= 2012,
  volume	= 109,
  pages		= 193901
}

@Article{	  zhao15shaping,
  author	= {Zhao, Qian and Gong, Lei and Li, Yin-Mei},
  title		= {Shaping diffraction-free {Lommel} beams with digital
		  binary amplitude masks},
  journal	= ao,
  year		= 2015,
  volume	= 54,
  pages		= {7553-7558}
}
