@article{abkemeier96,
  key =		 {noise},
  author =	 {Abkemeier, Kristin M. and Grier, David G.},
  title =	 {Topological disorder and conductance fluctuations in
                  thin films},
  journal =	 PRB,
  pages =	 {2723-2727},
  year =	 1996,
  volume =	 54,
  number =	 4,
  lastmodified = 19960420,
  version =	 {top9a},
  doi =		 {10.1103/PhysRevB.54.2723}
}

@incollection{abkemeier96a,
  key =		 {noise},
  author =	 {Abkemeier, Kristin M. and Grier, David G.},
  title =	 {Topological disorder and conductance fluctuations in
                  granular thin films},
  booktitle =	 {Amorphous Silicon Technology - 1996},
  pages =	 {271-274},
  year =	 1996,
  publisher =	 {MRS},
  address =	 {New York},
  volume =	 407,
  series =	 {Proceedings of the Materials Research Society}
}

@Article{agarwal05,
  author =	 {Agarwal, Ritesh and Ladavac, Kosta and Roichman,
                  Yael and Yu, Guihua and Lieber, Charles M. and
                  Grier, David G.},
  title =	 {Manipulation and assembly of nanowires with
                  holographic optical traps},
  journal =	 OX,
  year =	 2005,
  key =		 {hot, cgh, nanowire},
  volume =	 13,
  pages =	 {8906-8912},
  lastmodified = 20050912,
  version =	 {nanowire7c},
  eprint =	 {cond-mat/0509297},
  doi =		 {10.1364/OPEX.13.008906}
}

@Article{behrens01a,
  author =	 {Behrens, Sven H. and Grier, David G.},
  title =	 {The pair interaction of charged colloidal spheres
                  near a charged wall},
  journal =	 PRE,
  year =	 2001,
  key =		 {colloid, interaction},
  volume =	 64,
  number =	 5,
  pages =	 {050401(R)},
  lastmodified = 20010511,
  version =	 {onewall6b},
  doi =		 {10.1103/PhysRevE.64.050401}
}

@Article{behrens01b,
  author =	 {Behrens, Sven H. and Grier, David G.},
  title =	 {The charge on glass and silica surfaces},
  journal =	 JCP,
  year =	 2001,
  volume =	 115,
  number =	 14,
  key =		 {colloid, interaction},
  pages =	 {6716-6721},
  lastmodified = 20010725,
  version =	 {charge6c},
  archviePrefix ={arXiv},
  eprint =	 {cond-mat/0105149},
  doi =		 {10.1063/1.1404988}
}

@Article{behrens03,
  author =	 {Behrens, Sven H. and Plewa, Joseph and Grier, David
                  G.},
  title =	 {Measuring a colloidal particle's interaction with a
                  flat surface under nonequilibrium conditions},
  journal =	 EPJE,
  volume =	 10,
  pages =	 {115-121},
  year =	 2003,
  key =		 {colloid, interaction, TIRM, optical tweezer},
  lastmodified = 20030110,
  version =	 {dynsep4c},
  doi =		 {10.1140/epje/e2003-00013-2}
}

@article{benjacob87,
  key =		 {pattern formation, ECD},
  author =	 {Ben-Jacob, E. and Garik, P. and Grier, D.},
  title =	 {Interfacial pattern formation far from equilibrium},
  journal =	 SM,
  pages =	 {599-615},
  year =	 1987,
  volume =	 3,
  number =	 6,
  doi =		 {10.1016/49-6036(87)90190-X}
}

@article{benjacob88,
  key =		 {pattern formation, ECD},
  author =	 {Ben-Jacob, E. and Garik, P. and Mueller, T. and
                  Grier, D.},
  title =	 {Characterization of morphology transitions in
                  diffusion-controlled systems},
  journal =	 PRA,
  pages =	 {1370-1380},
  year =	 1988,
  volume =	 38,
  number =	 3,
  lastmodified = 19870619,
  doi =		 {10.1103/PhysRevA.38.1370}
}

@article{bolle91,
  key =		 {superconductor, flux lattice, phase transition},
  author =	 {Bolle, C.~A. and Gammel, P.~L. and Grier, D.~G. and
                  Murray, C.~A. and Bishop, D.~J. and Mitzi, D.~B. and
                  Kapitulnik, A.},
  title =	 {Observation of a commensurate array of flux chains
                  in tilted flux lattices in Bi-Sr-Ca-Cu-O single
                  crystals},
  journal =	 PRL,
  pages =	 {112-115},
  year =	 1991,
  volume =	 66,
  number =	 1,
  doi =		 {10.1103/PhysRevLett.66.112}
}


@Article{cheong08,
  author =	 {Cheong, Fook Chiong and Duarte, Simone and Lee,
                  Sang-Hyuk and Grier, David G.},
  title =	 {Holographic microrheology of polysaccharides from
                  \emph{Streptococcus mutans} biofilms},
  journal =	 RA,
  year =	 2008,
  volume =	 48,
  pages =	 {109-115},
  lastmodified = 20080404,
  version =	 {biofilm8c},
  doi =		 {10.1007/s00397-008-0320-1}
}

@Article{cheong09,
  author =	 {Cheong, Fook Chiong and Sun, Bo and Dreyfus, R\'emi
                  and Amato-Grill, Jesse and Xiao, Ke and Dixon, Lisa
                  and Grier, David G.},
  title =	 {Flow visualization and flow cytometry with
                  holographic video microscopy},
  journal =	 OX,
  year =	 2009,
  volume =	 17,
  pages =	 {13071-13079},
  lastmodified = 20090707,
  version =	 {gpu10c},
  doi =		 {10.1364/OE.17.013071}
}

@Article{cheong09a,
  author =	 {Cheong, Fook Chiong and Xiao, Ke and Grier, David
                  G.},
  title =	 {Characterization of individual milk fat globules
                  with holographic video microscopy},
  journal =	 JDS,
  year =	 2009,
  volume =	 92,
  pages =	 {95-99},
  lastmodified = 20080904,
  version =	 {milk5c},
  doi =		 {10.3168/jds.2008-1361}
}

@Article{cheong10,
  author =	 {Cheong, Fook Chiong and Grier, David G.},
  title =	 {Rotational and translational diffusion of copper
                  oxide nanorods measured with holographic video
                  microscopy},
  journal =	 OX,
  year =	 2010,
  volume =	 18,
  pages =	 {6555-6562},
  lastmodified = 20100301,
  version =	 {nanorod8c},
  doi =		 {10.1364/OE.18.006555}
}

@Article{cheong10a,
  author =	 {Cheong, Fook Chiong and Krishnatreya, Bhaskar Jyoti
                  and Grier, David G.},
  title =	 {Strategies for three-dimensional particle tracking
                  with holographic video microscopy},
  journal =	 OX,
  year =	 2010,
  volume =	 18,
  pages =	 {13563-13573},
  lastmodified = 20100608,
  version =	 {rslm5c},
  doi =		 {10.1364/OE.18.013563}
}

@Article{cheong11,
  author =	 {Cheong, Fook Chiong and Xiao, Ke and Pine, David
                  J. and Grier, David G.},
  title =	 {Holographic characterization of individual colloidal
                  spheres' porosities},
  journal =	 {Soft Matter},
  year =	 2011,
  volume =	 7,
  pages =	 {6816-6819},
  lastmodified = 20110402,
  version =	 {porosity8c},
  doi =		 {10.1039/C1SM05577A}
}

@TechReport{cheong12,
  author =	 {Cheong, Fook Chiong and Grier, David G. and Lee,
                  Sang-Hyuk},
  title =	 {Holographic microscopy of holographically trapped
                  three-dimensional nanorod structures},
  institution =	 {New York University},
  year =	 2012,
  type =	 {U.~S.~Patent},
  number =	 {8,331,019},
  version =	 {US8331019.pdf}
}

@TechReport{cheong16,
  author =	 {Cheong, Fook Chiong and Xiao, Ke and Pine, David and
                  Grier, David G.},
  title =	 {Method and system for measuring porosity of
                  particles},
  institution =	 {New York University},
  year =	 2016,
  type =	 {U.~S.~Patent},
  number =	 {9,519,129},
  version =	 {US9519129.pdf}
}

@Article{cheong17,
  author =	 {Cheong, Fook Chiong and Kasimbeg, Priya and Ruffner,
                  David B. and Hlaing, Ei Hnin and Blusewicz, Jaroslaw
                  M. and Philips, Laura A. and Grier, David G.},
  title =	 {Holographic characterization of colloidal particles
                  in turbid media},
  journal =	 APL,
  year =	 2017,
  volume =	 111,
  pages =	 153702,
  lastmodified = 20170920,
  version =	 {slurry10c},
  doi =		 {10.1063/1.4999101}
}

@article{clarke88,
  author =	 {Clarke, R. and Dos-Passos, W. and Bajema, K. and
                  Merlin, R. and Moustakas, T. and Grier, D.},
  title =	 {Structural fluctuations and randomness in
                  GaAs-Al$_x$Ga$_{1-x}$As superlattices},
  journal =	 SM,
  pages =	 {371-374},
  year =	 1988,
  volume =	 4,
  key =		 {superlattice},
  doi =		 {10.1016/0749-6035(88)90184-X}
}

@article{crocker94,
  key =		 {colloid, interaction, optical tweezer},
  author =	 {Crocker, John C. and Grier, David G.},
  title =	 {Microscopic measurement of the pair interaction
                  potential of charge-stabilized colloid},
  journal =	 PRL,
  pages =	 {352-355},
  year =	 1994,
  volume =	 73,
  number =	 2,
  lastmodified = 19940711,
  version =	 {interact2c},
  doi =		 {10.1103/PhysRevLett.73.352}
}

@article{crocker96,
  key =		 {colloid, image processing, phase transition,
                  interaction, optical tweezer},
  author =	 {Crocker, John C. and Grier, David G.},
  title =	 {Methods of digital video microscopy for colloidal
                  studies},
  journal =	 JCIS,
  pages =	 {298-310},
  year =	 1996,
  volume =	 179,
  lastmodified = 19960311,
  version =	 {methods3c},
  doi =		 {10.1006/jcis.1996.0217}
}

@article{crocker96a,
  key =		 {colloid, interaction, optical tweezer},
  author =	 {Crocker, John C. and Grier, David G.},
  title =	 {When like charges attract: The effects of
                  geometrical confinement on long-range colloidal
                  interactions},
  journal =	 PRL,
  pages =	 {1897-1900},
  year =	 1996,
  volume =	 77,
  number =	 9,
  lastmodified = 19960610,
  version =	 {attract6c},
  doi =		 {10.1103/PhysRevLett.77.1897}
}

@article{crocker98,
  key =		 {colloid, interaction, optical tweezer},
  author =	 {Crocker, John C. and Grier, David G.},
  title =	 {Interactions and dynamics in charge-stabilized
                  colloid},
  journal =	 MRSB,
  pages =	 {24-31},
  year =	 1998,
  volume =	 23,
  number =	 10,
  lastmodified = 19980723,
  version =	 {interactionsb},
  doi =		 {10.1557/S0883769400029560}
}

@Article{curtis02,
  author =	 {Curtis, Jennifer E. and Koss, Brian A. and Grier,
                  David G.},
  title =	 {Dynamic holographic optical tweezers},
  journal =	 OC,
  year =	 2002,
  volume =	 207,
  number =	 {1-6},
  pages =	 {169-175},
  key =		 {hot, colloid},
  lastmodified = 20020417,
  version =	 {dynamic4c},
  doi =		 {10.1016/S0030-4018(02)01524-9}
}

@Article{curtis03,
  author =	 {Curtis, Jennifer E. and Grier, David G.},
  title =	 {Structure of optical vortices},
  journal =	 PRL,
  volume =	 90,
  issue =	 13,
  pages =	 133901,
  year =	 2003,
  key =		 {hot,colloid},
  lastmodified = 20030122,
  version =	 {vortex5c},
  doi =		 {10.1103/PhysRevLett.90.133901}
}

@Article{curtis03a,
  author =	 {Curtis, Jennifer E. and Grier, David G.},
  title =	 {Modulated optical vortices},
  journal =	 OL,
  year =	 2003,
  key =		 {hot, optical vortex},
  volume =	 28,
  number =	 11,
  pages =	 {872-874},
  lastmodified = 20030108,
  version =	 {modvortex3c},
  doi =		 {10.1364/OL.28.000872}
}

@TechReport{curtis04,
  author =	 {Curtis, Jennifer E. and Koss, Brian A. and Grier,
                  David G.},
  title =	 {Use of multiple optical vortices for pumping, mixing
                  and sorting},
  institution =	 {The University of Chicago},
  year =	 2004,
  key =		 {optical tweezer, HOT, optical vortex},
  type =	 {U.~S. Patent},
  number =	 {6,737,634},
  version =	 {US6737634.pdf}
}

@TechReport{curtis05,
  author =	 {Curtis, Jennifer E. and Koss, Brian A. and Grier,
                  David G.},
  title =	 {Use of multiple optical vortices for pumping mixing
                  and sorting},
  institution =	 {The University of Chicago},
  year =	 2005,
  type =	 {U.~S.~Patent},
  number =	 {6,858,833},
  version =	 {US6858833.pdf}
}

@TechReport{curtis06,
  author =	 {Curtis, Jennifer E. and Koss, Brian A. and Grier,
                  David G.},
  title =	 {Multiple optical vortices for manipulating
                  particles},
  institution =	 {The University of Chicago},
  year =	 2006,
  type =	 {U.~S.~Patent},
  number =	 {6,995,351},
  version =	 {US6995351.pdf}
}

@TechReport{curtis07,
  author =	 {Curtis, Jennifer E. and Koss, Brian A. and Grier,
                  David G.},
  title =	 {Use of multiple optical tweezers for pumping, mixing
                  and sorting},
  institution =	 {The University of Chicago},
  year =	 2007,
  key =		 {hot, cgh},
  type =	 {U.~S.~Patent},
  number =	 {7,176,445},
  version =	 {US7176445.pdf}
}

@Article{dixon11,
  author =	 {Dixon, Lisa and Cheong, Fook Chiong and Grier, David
                  G.},
  title =	 {Holographic particle-streak velocimetry},
  journal =	 OX,
  year =	 2011,
  volume =	 19,
  pages =	 {4393-4398},
  lastmodified = 20110211,
  version =	 {velocimetry4c},
  doi =		 {10.1364/OE.19.004393}
}

@Article{dixon11a,
  author =	 {Dixon, Lisa and Cheong, Fook Chiong and Grier, David
                  G.},
  title =	 {Holographic deconvolution microscopy for
                  high-resolution particle tracking},
  journal =	 OX,
  year =	 2011,
  volume =	 19,
  pages =	 {16410-16417},
  lastmodified = 20110514,
  version =	 {deconvolution4c},
  doi =		 {10.1364/OE.19.016410}
}

@article{dufresne00,
  author =	 {Dufresne, Eric R. and Squires, Todd M. and Brenner,
                  Michael P. and Grier, David G.},
  title =	 {Hydrodynamic coupling of two {Brownian} spheres to a
                  planar surface},
  journal =	 PRL,
  volume =	 85,
  number =	 15,
  pages =	 {3317-3320},
  year =	 2000,
  key =		 {colloid, hydrodynamics, interaction, optical
                  tweezer},
  lastmodified = 20000731,
  version =	 {sohydro6b},
  archivePrefix ={arXiv},
  eprint =	 {cond-mat/0003314},
  doi =		 {10.1103/PhysRevLett.85.3317}
}

@Article{dufresne01,
  author =	 {Dufresne, Eric R. and Altman, David and Grier, David
                  G.},
  title =	 {Brownian dynamics of a sphere between parallel
                  walls},
  journal =	 EPL,
  volume =	 53,
  number =	 2,
  pages =	 {264-270},
  year =	 2001,
  key =		 {colloid, hydrodynamics, interaction, optical
                  tweezer},
  lastmodified = 20001027,
  version =	 {twowall3c},
  archivePrefix ={arXiv},
  eprint =	 {cond-mat/0008316},
  doi =		 {10.1209/epl/i2001-00147-6}
}

@Article{dufresne01a,
  author =	 {Dufresne, Eric R. and Spalding, Gabriel C. and
                  Dearing, Matthew T. and Sheets, Steven A. and Grier,
                  David G.},
  title =	 {Computer-generated holographic optical tweezer
                  arrays},
  journal =	 RSI,
  volume =	 72,
  number =	 3,
  pages =	 {1810-1816},
  year =	 2001,
  key =		 {hot, colloid},
  lastmodified = 20001027,
  version =	 {cgh3c},
  archivePrefix ={arXiv},
  eprint =	 {cond-mat/0008414},
  doi =		 {10.1063/1.1344176}
}

@article{dufresne98,
  key =		 {hot, optical tweezer, colloid},
  author =	 {Dufresne, Eric R. and Grier, David G.},
  title =	 {Optical tweezer arrays and optical substrates
                  created with diffractive optical elements},
  journal =	 RSI,
  pages =	 {1974-1977},
  year =	 1998,
  volume =	 69,
  number =	 5,
  lastmodified = 19980131,
  version =	 {hexa6c},
  doi =		 {10.1063/1.1148883}
}

@article{dufresne99,
  key =		 {colloid, interaction, phase transition},
  author =	 {Dufresne, E.~R. and Grier, D.~G.},
  title =	 {Interactions, dynamics, and elasticity in
                  charge-stabilized colloidal crystals (vol. 109,
                  pg. 8659, 1998)},
  journal =	 JCP,
  pages =	 {8845-8845},
  year =	 1999,
  volume =	 110,
  number =	 17,
  lastmodified = 19990208,
  version =	 {erratumb},
  doi =		 {10.1063/1.478946}
}

@Article{evans16,
  author =	 {Evans, Daniel J. and Hollingsworth, Andrew D. and
                  Grier, David G.},
  title =	 {Charge renormalization in nominally apolar colloidal
                  dispersions},
  journal =	 PRE,
  year =	 2016,
  volume =	 93,
  pages =	 042612,
  lastmodified = 20160312,
  version =	 {pmma9c},
  doi =		 {10.1103/PhysRevE.93.042612}
}

@Article{gopinathan02,
  author =	 {Gopinathan, Ajay and Zhou, Tong and Coppersmith,
                  S.~N. and Kadanoff, L.~P. and Grier, David G.},
  title =	 {Weak long-ranged {Casimir} attraction in colloidal
                  crystals},
  journal =	 EPL,
  year =	 2002,
  key =		 {colloid, interaction},
  volume =	 57,
  number =	 3,
  pages =	 {451-457},
  lastmodified = 20011015,
  version =	 {casimir6c},
  archivePrefix ={arXiv},
  eprint =	 {cond-mat/0107274},
  doi =		 {10.1209/epl/i2002-00481-1}
}

@Article{gopinathan04,
  author =	 {Gopinathan, Ajay and Grier, David G.},
  title =	 {Statistically locked-in transport in periodic
                  potential landscapes},
  journal =	 PRL,
  year =	 2004,
  key =		 {hot,colloid},
  pages =	 130602,
  volume =	 92,
  number =	 13,
  archivePrefix ={arXiv},
  eprint =	 {cond-mat/0311117},
  lastmodified = 20040108,
  version =	 {statlock8c},
  doi =		 {10.1103/PhysRevLett.92.130602}
}

@article{grier00,
  key =		 {colloid, interaction, optical tweezer},
  author =	 {Grier, David G. and Crocker, John C.},
  title =	 {Comment on `{Monte Carlo} study of structural
                  ordering in charged colloids using a long-range
                  attractive potential'},
  journal =	 PRE,
  pages =	 {980-982},
  year =	 2000,
  volume =	 61,
  number =	 1,
  lastmodified = 20000320,
  version =	 {comment3b},
  doi =		 {10.1103/PhysRevE.61.980}
}

@article{grier00a,
  key =		 {colloid, interaction, optical tweezer},
  author =	 {Grier, David G.},
  title =	 {When like charges attract: Interactions and dynamics
                  in charge-stabilized colloidal suspensions},
  journal =	 JPhysCM,
  pages =	 {A85-A94},
  year =	 2000,
  volume =	 12,
  lastmodified = 19990723,
  version =	 {granadab},
  doi =		 {10.1088/0953-8984/12/8A/309}
}

@TechReport{grier00b,
  author =	 {Grier, David G. and Dufresne, Eric R.},
  title =	 {Apparatus for applying optical gradient forces},
  institution =	 {The University of Chicago},
  year =	 2000,
  type =	 {U.~S. Patent},
  number =	 {6,055,106},
  version =	 {US6055106.pdf}
}

@incollection{grier01,
  author =	 {Grier, David G. and Behrens, Sven H.},
  title =	 {Interactions in colloidal suspensions:
                  Electrostatics, hydrodynamics and their interplay},
  booktitle =	 {Electrostatic Effects in Biophysics and Soft Matter},
  key =		 {colloid, interaction, optical tweezer},
  year =	 2001,
  editor =	 {Holm, C. and K\'{e}kicheff, P. and Podgornik, R.},
  address =	 {Dordrecht},
  publisher =	 {Kluwer},
  lastmodified = 20010115,
  version =	 {leshouches2}
}

@TechReport{grier02d,
  author =	 {Grier, David G. and Dufresne, Eric R.},
  title =	 {Apparatus for using optical tweezers to manipulate
                  materials},
  institution =	 {The University of Chicago},
  year =	 2002,
  key =		 {optical tweezer, HOT, CGH, technique},
  type =	 {U.~S.~Patent},
  number =	 {6,416,190},
  version =	 {US6416190.pdf}
}

@article{grier03,
  author =	 {Grier, David G.},
  title =	 {A revolution in optical manipulation},
  journal =	 {Nature},
  year =	 2003,
  key =		 {hot, optical tweezer, optical vortex, MEMS},
  volume =	 424,
  number =	 6950,
  pages =	 {810-816},
  lastmodified = 20030515,
  version =	 {nreview2c},
  doi =		 {10.1038/nature01935}
}

@TechReport{grier03a,
  author =	 {Grier, David G. and Dufresne, Eric R.},
  title =	 {Method for applying optical gradient forces and
                  moving material},
  institution =	 {The University of Chicago},
  year =	 2003,
  key =		 {optical tweezer, HOT, CGH, technique},
  type =	 {U.~S.~Patent},
  number =	 {6,624,940},
  version =	 {US6624940.pdf}
}

@TechReport{grier03b,
  author =	 {Grier, David G. and Dufresne, Eric R. and Curtis,
                  Jennifer E. and Koss, Brian A.},
  title =	 {Apparatus for using optical tweezers to manipulate
                  materials},
  institution =	 {The University of Chicago},
  year =	 2003,
  key =		 {optical tweezer, HOT, CGH, technique},
  type =	 {U.~S.~Patent},
  number =	 {6,626,546},
  version =	 {US6626546.pdf}
}

@TechReport{grier03c,
  author =	 {Grier, David G. and Behrens, Sven H.},
  title =	 {Optical peristaltic pumping with optical traps},
  institution =	 {The University of Chicago},
  year =	 2003,
  key =		 {optical tweezer, HOT, CGH, ratchet, technique},
  type =	 {U.~S.~Patent},
  number =	 {6,639,208},
  version =	 {US6639208.pdf}
}

@Article{grier04f,
  author =	 {Grier, David G. and Han, Yilong},
  title =	 {Anomalous interactions in confined charge-stabilized
                  colloid},
  journal =	 JPhysCM,
  year =	 2004,
  key =		 {colloid, interaction},
  volume =	 16,
  pages =	 {S4145-S4157},
  lastmodified = 20040410,
  version =	 {codef04c},
  archivePrefix ={arXiv},
  eprint =	 {cond-mat/0404284},
  doi =		 {10.1088/0953-8984/16/38/028}
}

@TechReport{grier04h,
  author =	 {Grier, David G. and Korda, Pamela T.},
  title =	 {Apparatus and process for the lateral deflection and
                  separation of flowing particles by a static array of
                  optical tweezers},
  key =		 {HOT, CGH, optical tweezer, optical fractionation},
  institution =	 {The University of Chicago},
  year =	 2004,
  type =	 {U.~S.~Patent},
  number =	 {6,797,942},
  version =	 {US6797942.pdf}
}

@TechReport{grier05,
  author =	 {Grier, David G. and Behrens, Sven H.},
  title =	 {Optical peristaltic pumping with optical traps},
  institution =	 {The University of Chicago},
  year =	 2005,
  type =	 {U.~S.~Patent},
  number =	 {6,847,032},
  version =	 {US6847032.pdf}
}

@TechReport{grier05a,
  author =	 {Grier, David G. and Dufresne, Eric R. and Curtis,
                  Jennifer E. and Koss, Brian A.},
  title =	 {Apparatus for using optical tweezers to manipulate
                  materials},
  institution =	 {The University of Chicago},
  year =	 2005,
  type =	 {U.~S.~Patent},
  number =	 {6,846,084},
  version =	 {US6846084.pdf}
}

@TechReport{grier05d,
  author =	 {Grier, David G. and Dufresne, Eric R.},
  title =	 {Apparatus and method for fabricating, sorting, and
                  integrating materials with holographic optical
                  traps},
  institution =	 {The University of Chicago},
  year =	 2005,
  type =	 {U.~S.~Patent},
  number =	 {6,863,406},
  version =	 {US6863406.pdf}
}

@Article{grier06,
  author =	 {Grier, David G. and Roichman, Yael},
  title =	 {Holographic optical trapping},
  journal =	 AO,
  year =	 2006,
  key =		 {HOT, CGH},
  volume =	 45,
  pages =	 {880-887},
  version =	 {aoreview3c},
  lastmodified = 20050513,
  archiePrefix = {arXiv},
  eprint =	 {cond-mat/0506284},
  doi =		 {10.1364/AO.45.000880}
}

@TechReport{grier06b,
  author =	 {Grier, David G. and Dufresne, Eric R.},
  title =	 {Apparatus for using optical tweezers to manipulate
                  materials},
  institution =	 {University of Chicago},
  year =	 2006,
  key =		 {hot, cgh},
  type =	 {Singapore Patent},
  number =	 99739
}

@TechReport{grier06c,
  author =	 {Grier, David G. and Behrens, Sven Holger and Koss,
                  Brian A.},
  title =	 {Optical peristaltic pumping with optical traps},
  institution =	 {University of Chicago},
  year =	 2006,
  key =		 {hot, cgh},
  type =	 {U.~S.~Patent},
  number =	 {7,075,060},
  version =	 {US7075060.pdf}
}

@TechReport{grier06f,
  author =	 {Grier, David G. and Dufresne, Eric R. and Curtis,
                  Jennifer E. and Koss, Brian A.},
  title =	 {Apparatus for using optical tweezers to manipulate
                  materials},
  institution =	 {The University of Chicago},
  year =	 2006,
  key =		 {hot, cgh},
  type =	 {U.~S.~Patent},
  number =	 {7,104,659},
  version =	 {US7104659.pdf}
}

@TechReport{grier06g,
  author =	 {Grier, David G. and Curtis, Jennifer E.},
  title =	 {Transverse optical accelerator and generalized
                  optical vortices},
  institution =	 {The University of Chicago},
  year =	 2006,
  key =		 {hot, cgh},
  type =	 {U.~S.~Patent},
  number =	 {7,109,473},
  version =	 {US7109473.pdf}
}

@TechReport{grier06i,
  author =	 {Grier, David G. and Dufresne, Eric R.},
  title =	 {Apparatus for applying optical gradient forces},
  institution =	 {The University of Chicago},
  year =	 2006,
  key =		 {hot, cgh},
  type =	 {U.~S.~Patent},
  number =	 {7,133,203},
  version =	 {US7133203.pdf}
}

@TechReport{grier06j,
  author =	 {Grier, David G. and Korda, Pamela T.},
  title =	 {Apparatus and process for the lateral deflection and
                  separation of flowing particles by a static array of
                  optical tweezers},
  institution =	 {The University of Chicago},
  year =	 2006,
  key =		 {hot, cgh},
  type =	 {U.~S.~Patent},
  number =	 {7,137,574},
  version =	 {US7137574.pdf}
}


@TechReport{grier06l,
  author =	 {Grier, David G. and Dufresne, Eric R.},
  title =	 {Apparatus for applying optical gradient forces},
  institution =	 {University of Chicago},
  year =	 2006,
  key =		 {hot, cgh},
  type =	 {Japanese Patent},
  number =	 3895545
}

@TechReport{grier06m,
  author =	 {Grier, David G. and Dufresne, Eric R.},
  title =	 {Apparatus for applying optical gradient forces},
  institution =	 {University of Chicago},
  year =	 2006,
  key =		 {hot, cgh},
  type =	 {Korean Patent},
  number =	 {10-0641722}
}

@TechReport{grier07,
  author =	 {Grier, David and Lopes, Ward},
  title =	 {Apparatus and method to generate and control optical
                  traps to manipulate small particles},
  institution =	 {Arryx, Inc.},
  year =	 2007,
  key =		 {hot, cgh},
  type =	 {U.~S.~Patent},
  number =	 {7,161,140},
  version =	 {US7161140.pdf}
}

@TechReport{grier07c,
  author =	 {Grier, David G. and Dufresne, Eric R.},
  title =	 {Apparatus for applying optical gradient forces},
  institution =	 {New York University},
  year =	 2007,
  type =	 {U.~S.~Patent},
  number =	 {7,227,688},
  version =	 {US722688.pdf}
}

@TechReport{grier07e,
  author =	 {Grier, David G. and Curtis, Jennifer E.},
  title =	 {Transverse optical accelerator and generalized
                  optical vortices},
  institution =	 {The University of Chicago},
  year =	 2007,
  type =	 {U.~S.~Patent},
  number =	 {7,232,989},
  version =	 {US7232989.pdf}
}

@TechReport{grier07f,
  author =	 {Grier, David G.},
  title =	 {Optical fractionation methods and apparatus},
  institution =	 {The University of Chicago},
  year =	 2007,
  type =	 {U.~S.~Patent},
  number =	 {7,233,423},
  version =	 {US7233423.pdf}
}
@TechReport{grier08,
  author =	 {Grier, David and Lopes, Ward and Dufresne, Eric},
  title =	 {Apparatus, system and method for applying optical
                  gradient forces},
  institution =	 {Arryx, Inc.},
  year =	 2008,
  type =	 {U.~S.~Patent},
  number =	 {7,324,282},
  version =	 {US7324282.pdf}
}

@TechReport{grier08a,
  author =	 {Grier, David and Lopes, Ward},
  title =	 {Apparatus and method to generate and control optical
                  traps to manipulate small particles},
  institution =	 {Arryx, Inc.},
  year =	 2008,
  type =	 {U.~S.~Patent},
  number =	 {7,351,953},
  version =	 {US7351953.pdf}
}

@TechReport{grier08b,
  author =	 {Grier, David G. and Gruber, Lewis},
  title =	 {Broad spectrum optically addressed sensor},
  institution =	 {Arryx, Inc.},
  year =	 2008,
  type =	 {U.~S.~Patent},
  number =	 {7,390,461},
  version =	 {US7390461.pdf}
}

@TechReport{grier09,
  author =	 {Grier, David G. and Polin, Marco and Lee, Sang-Hyuk
                  and Roichman, Yael and Ladavac, Kosta},
  title =	 {Manipulation of objects in potential energy
                  landscapes},
  institution =	 {New York University},
  year =	 2009,
  type =	 {U.~S.~Patent},
  number =	 {7,473,890},
  version =	 {US7473890.pdf}
}

@TechReport{grier09a,
  author =	 {Grier, David G.},
  title =	 {Topologically multiplexed optical data
                  communication},
  institution =	 {New York University},
  year =	 2009,
  type =	 {U.~S.~Patent},
  number =	 {7,546,037},
  version =	 {US7546037.pdf}
}

@TechReport{grier09b,
  author =	 {Grier, David G.},
  title =	 {Solute characterization by optoelectrokinetic
                  potentiometry in an inclined array of optical traps},
  institution =	 {New York University},
  year =	 2009,
  type =	 {U.~S.~Patent},
  number =	 {7,586,684},
  version =	 {US7586684.pdf}
}

@TechReport{grier09c,
  author =	 {Grier, David G. and Dufresne, Eric R.},
  title =	 {Apparatus and method for fabricating, sorting, and
                  integrating materials with holographic optical
                  traps},
  institution =	 {University of Chicago},
  year =	 2009,
  type =	 {U.~S.~Patent},
  number =	 {7,588,940},
  version =	 {US7588940.pdf}
}

@TechReport{grier10,
  author =	 {Grier, David G. and Ladavac, Kosta and Barker, Joy
                  M.},
  title =	 {System and method for holographic optic trap
                  bonding},
  institution =	 {New York University},
  year =	 2010,
  type =	 {U.~S.~Patent},
  number =	 {7,678,222},
  version =	 {US7678222.pdf}
}

@TechReport{grier10a,
  author =	 {Grier, David G.},
  title =	 {Topologically multiplexed optical data
                  communication},
  institution =	 {New York University},
  year =	 2010,
  type =	 {U.~S.~Patent},
  number =	 {7,742,700},
  version =	 {US7742700.pdf}
}

@TechReport{grier10b,
  author =	 {Grier, David G. and Lee, Sang-Hyuk},
  title =	 {Multi-color holographic optical traps},
  institution =	 {New York University},
  year =	 2010,
  type =	 {U.~S.~Patent},
  number =	 {7,759,020},
  version =	 {US7759020.pdf}
}

@TechReport{grier10c,
  author =	 {Grier, David G. and Agarwal, Ritesh and Yu, Guihua
                  and Lieber, Charles M. and Ladavac, Kosta and
                  Roichman, Yael},
  title =	 {System and method for processing nanowires with
                  holographic optical tweezers},
  institution =	 {New York University},
  year =	 2010,
  type =	 {U.~S.~Patent},
  number =	 {7,772,543},
  version =	 {US7772543.pdf}
}

@TechReport{grier10d,
  author =	 {Grier, David G.},
  title =	 {Holographic microfabrication and characterization
                  system for soft matter and biological systems},
  institution =	 {New York University},
  year =	 2010,
  type =	 {U.~S.~Patent},
  number =	 {7,847,238},
  version =	 {US7847238.pdf}
}

@TechReport{grier11a,
  author =	 {Grier, David G. and Polin, Marco and Lee, Sang-Hyuk
                  and Roichman, Yael and Ladavac, Kosta},
  title =	 {Manipulation of objects in potential energy
                  landscapes},
  institution =	 {New York University},
  year =	 2011,
  type =	 {U.~S.~Patent},
  number =	 {7,973,275},
  version =	 {US7973275.pdf}
}

@TechReport{grier11b,
  author =	 {Grier, David G.},
  title =	 {Topologically multiplexed optical data
                  communication},
  institution =	 {New York University},
  year =	 2011,
  type =	 {U.~S.~Patent},
  number =	 {7,978,978},
  version =	 {US7978978.pdf}
}

@TechReport{grier11c,
  author =	 {Grier, David G. and Roichman, Yael and Man, Weining
                  and Chaikin, Paul Michael and Steinhardt, Paul
                  Joseph},
  title =	 {Assembly of quasicrystalline photonic
                  heterostructures},
  institution =	 {New York University},
  year =	 2011,
  type =	 {U.~S.~Patent},
  number =	 {7,981,774},
  version =	 {US7981774.pdf}
}

@TechReport{grier12,
  author =	 {Grier, David and Dufresne, Eric},
  title =	 {Apparatus and method for fabricating, sorting, and
                  integrating materials with holographic optical
                  traps},
  institution =	 {The University of Chicago},
  year =	 2012,
  type =	 {U.~S.~Patent},
  number =	 {8,128,242},
  version =	 {US8128242.pdf}
}

@TechReport{grier12a,
  author =	 {Grier, David G.},
  title =	 {Multicolor holographic optical trapping},
  institution =	 {New York University},
  year =	 2012,
  type =	 {U.~S.~Patent},
  number =	 {8,298,727},
  version =	 {US8298727.pdf}
}

@TechReport{grier13,
  author =	 {Grier, David G. and Roichman, Yael and Man, Weining
                  and Chaikin, Paul Michael and Steinhardt, Paul
                  Joseph},
  title =	 {Assembly of quasicrystalline photonic
                  heterostructures},
  institution =	 {New York University; Princeton University},
  year =	 2013,
  type =	 {U.~S.~Patent},
  number =	 {8,394,708},
  version =	 {US8394708.pdf}
}

@TechReport{grier13a,
  author =	 {Grier, David G. and Polin, Marco and Lee, Sang-Hyuk
                  and Roichman, Yael and Ladavac, Kosta},
  title =	 {Manipulation of objects in potential energy
                  landscapes},
  institution =	 {New York University},
  year =	 2013,
  type =	 {U.~S.~Patent},
  number =	 {8,502,132},
  version =	 {US8502132.pdf}
}

@TechReport{grier13b,
  author =	 {Grier, David G.},
  title =	 {Holographic microfabrication and characterization
                  system for soft matter and biological systems},
  institution =	 {New York University},
  year =	 2013,
  type =	 {U.~S.~Patent},
  number =	 {8,431,884},
  version =	 {US8431884.pdf}
}

@TechReport{grier14,
  author =	 {Grier, David G. and Xiao, Ke},
  title =	 {Sorting colloidal particles into multiple channels
                  with optical forces: Prismatic optical
                  fractionation},
  institution =	 {New York University},
  year =	 2014,
  type =	 {U.~S.~Patent},
  number =	 {8,766,169},
  version =	 {US8766169.pdf}
}

@TechReport{grier14a,
  author =	 {Grier, David G. and Lee, Sang-Hyuk and Cheong, Fook
                  C.},
  title =	 {Tracking and characterizing particles with
                  holographic video microscopy},
  institution =	 {New York University},
  year =	 2014,
  type =	 {U.~S.~Patent},
  number =	 {8,791,985},
  version =	 {US8791985.pdf}
}

@InProceedings{grier14b,
  author =	 {Grier, David G. and Ruffner, David B.},
  title =	 {Practical tractor beams},
  booktitle =	 {Proceedings of the 10th International Conference on
                  Laser-light and Interactions with Particles},
  publisher =	 {Aix-Marseille University},
  year =	 2014,
  editor =	 {Onofri, F. and Stout, B.},
  pages =	 {ME5.1--ME5.4},
  address =	 {Marseille},
  lastmodified = 20140228
}

@TechReport{grier14c,
  author =	 {Grier, David G. and Lee, Sang-Hyuk and Roichman,
                  Yohai},
  title =	 {Optical solenoid beams},
  institution =	 {New York University},
  year =	 2014,
  type =	 {U.~S.~Patent},
  number =	 {8,922,857},
  version =	 {US8922857.pdf}
}

@TechReport{grier14d,
  author =	 {Grier, David G. and Shanblatt, Elisabeth R.},
  title =	 {Extended and knotted optical traps in three
                  dimensions},
  institution =	 {New York University},
  year =	 2014,
  type =	 {U.~S.~Patent},
  number =	 {8,921,763},
  version =	 {US8921763.pdf}
}

@TechReport{grier16,
  author =	 {Grier, David G. and Cheong, Fook Chiong and Xiao,
                  Ke},
  title =	 {Automated real-time particle characterization and
                  three-dimensional velocimetry with holographic video
                  microscopy},
  institution =	 {New York University},
  year =	 2016,
  type =	 {U.~S.~Patent},
  number =	 {9,316,578},
  version =	 {US9316578B2.pdf}
}

@TechReport{grier17,
  author =	 {Grier, David G. and Cheong, Fook Chiong and Xiao,
                  Ke},
  title =	 {Automated real-time particle characterization and
                  three-dimensional velocimetry with holographic video
                  microscopy},
  institution =	 {New York University},
  year =	 2017,
  type =	 {U.~S.~Patent},
  number =	 {9,719,911},
  version =	 {US9719911.pdf}
}

@TechReport{grier17a,
  author =	 {Grier, David G. and Lee, Sang-hyuk and Cheong, Fook
                  Chiong},
  title =	 {Tracking and characterizing particles with
                  holographic video microscopy},
  institution =	 {New York University},
  year =	 2017,
  type =	 {U.~S.~Patent},
  number =	 {9,810,894},
  version =	 {US9810894.pdf}
}

@article{grier86,
  key =		 {pattern formation, ECD},
  author =	 {Grier, D. and Ben-Jacob, E. and Clarke, Roy and
                  Sander, L.~M.},
  title =	 {Morphology and microstructure in electrochemical
                  deposition of zinc},
  journal =	 PRL,
  pages =	 {1264-1267},
  year =	 1986,
  volume =	 56,
  number =	 12,
  lastmodified = 19851121,
  doi =		 {10.1103/PhysRevLett.56.1264}
}

@article{grier87,
  key =		 {pattern formation, ECD},
  author =	 {Grier, David G. and Kessler, David A. and Sander,
                  L.~M.},
  title =	 {Stability of the dense radial morphology in
                  diffusive pattern formation},
  journal =	 PRL,
  pages =	 {2315-2318},
  year =	 1987,
  volume =	 59,
  number =	 20,
  lastmodified = 19870719,
  doi =		 {10.1103/PhysRevLett.59.2315}
}

@article{grier90,
  key =		 {pattern formation, ECD},
  author =	 {Grier, David G. and Allen, Kimberly and Goldman,
                  Rachel S. and Sander, Leonard M. and Clarke, Roy},
  title =	 {Superlattices and long-range order in
                  electrodeposited dendrites},
  journal =	 PRL,
  pages =	 {2152-2155},
  year =	 1990,
  volume =	 64,
  number =	 18,
  lastmodified = 19890918,
  doi =		 {10.1103/PhysRevLett.64.2152}
}

@article{grier91,
  key =		 {superconductor, flux lattice, phase transition},
  author =	 {Grier, D.~G. and Murray, C.~A. and Bolle, C.~A. and
                  Gammel, P.~L. and Bishop, D.~J. and Mitzi, D.~B. and
                  Kapitulnik, A.},
  title =	 {Translational and bond-orientational order in the
                  vortex lattice of the high-Tc superconductor
                  Bi$_{2.1}$Sr$_{1.9}$Ca$_{0.9}$Cu$_2$O$_{8+\delta}$},
  journal =	 PRL,
  pages =	 {2270-2273},
  year =	 1991,
  volume =	 66,
  number =	 17,
  lastmodified = 19910128,
  doi =		 {10.1103/PhysRevLett.66.2270}
}

@incollection{grier92,
  key =		 {colloid, phase transition},
  author =	 {Grier, David G. and Murray, Cherry A.},
  editor =	 {Chen, Sow-Hsin and Huang, John S. and Tartaglia,
                  Piero},
  title =	 {Video microscopy of charge-stabilized colloidal
                  suspensions},
  booktitle =	 {Structure and Dynamics of Strongly Interacting
                  Colloids and Supramolecular Aggregates in Solution},
  conference =	 {Proceedings of the NATO Advanced Study Institute,
                  June 11-21, 1991, Acquafredda di Maratea, Italy},
  pages =	 {145-174},
  year =	 1992,
  publisher =	 {Kluwer Academic Publishers},
  address =	 {Dordrecht},
  lastmodified = 19920000
}

@article{grier93,
  key =		 {pattern formation, ECD},
  author =	 {Grier, David G. and Mueth, Daniel},
  title =	 {Dissipation, geometry, and the stability of the
                  dense radial morphology},
  journal =	 PRE,
  pages =	 {3841-3848},
  year =	 1993,
  volume =	 48,
  number =	 5,
  lastmodified = 19930628,
  doi =		 {10.1103/PhysRevE.48.3841}
}

@article{grier94,
  key =		 {colloid, phase transition, dynamics},
  author =	 {Grier, D.~G. and Murray, C.~A.},
  title =	 {The microscopic dynamics of freezing in supercooled
                  colloidal fluids},
  journal =	 JCP,
  pages =	 {9088-9095},
  year =	 1994,
  volume =	 100,
  number =	 12,
  lastmodified = 19931213,
  doi =		 {10.1063/1.466662}
}

@incollection{grier96,
  key =		 {colloid, experiment, theory, review, phase
                  transition, dynamics},
  author =	 {Grier, David G. and Murray, Cherry A.},
  editor =	 {Arora, Akhilesh K. and Tata, B.~V.~R.},
  title =	 {Direct imaging of the local dynamics of colloidal
                  phase transitions},
  booktitle =	 {Ordering and Phase Transitions in Colloidal Systems},
  pages =	 {69-100},
  year =	 1996,
  publisher =	 {VCH},
  address =	 {New York},
  series =	 {VCH Series of Textbooks and Monographs on Complex
                  Fluids and Fluid Microstructures},
  lastmodified = 19960000
}

@article{grier96a,
  key =		 {colloid, phase transition},
  author =	 {Grier, David G.},
  title =	 {On the points of melting},
  journal =	 {Nature},
  pages =	 {773-775},
  year =	 1996,
  volume =	 379,
  lastmodified = 19960311,
  version =	 {news2},
  doi =		 {10.1038/379773a0}
}

@article{grier96b,
  author =	 {Grier, David G.},
  title =	 {Phases of matter: Review of ``Principles of
                  Condensed Matter Physics'' by P.~M. Chaikin and
                  T.~C. Lubensky},
  journal =	 {Science},
  pages =	 1348,
  year =	 1996,
  volume =	 273
}

@article{grier97,
  key =		 {colloid, optical tweezer},
  author =	 {Grier, David G.},
  title =	 {Optical tweezers in colloid and interface science},
  journal =	 COCIS,
  pages =	 {264-270},
  year =	 1997,
  volume =	 2,
  lastmodified = 19970205,
  version =	 {tweezer4b},
  doi =		 {10.1016/S1359-0294(97)80034-9}
}

@article{grier97a,
  key =		 {colloid, phase transition},
  author =	 {Grier, David G.},
  title =	 {Colloids make ultrafast optical devices},
  journal =	 PW,
  pages =	 {24-25},
  year =	 1997,
  volume =	 10
}

@article{grier97b,
  key =		 {colloid, phase transition, technique, review},
  author =	 {Grier, David G.},
  title =	 {New age crystals},
  journal =	 {Nature},
  pages =	 {784-785},
  year =	 1997,
  volume =	 389,
  doi =		 {10.1038/39729}
}

@article{grier98,
  key =		 {colloid, interaction},
  author =	 {Grier, David G.},
  title =	 {Colloids: A surprisingly attractive couple},
  journal =	 {Nature},
  pages =	 {621-623},
  year =	 1998,
  volume =	 393,
  lastmodified = 19980609,
  version =	 {bowen2b},
  doi =		 {10.1038/31340}
}

@article{grier98a,
  key =		 {colloid, review},
  author =	 {Grier, David G.},
  title =	 {From dynamics to devices: Directed self-assembly of
                  colloidal materials},
  journal =	 MRSB,
  pages =	 21,
  year =	 1998,
  volume =	 23,
  number =	 10,
  doi =		 {10.1557/S0883769400029559}
}

@TechReport{gruber07a,
  author =	 {Gruber, Lewis and Bradley, Kenneth and Lopes, Ward
                  and Lancelot, Robert W. and Plewa, Joseph S. and
                  Grier, David G.},
  title =	 {System and method of sorting materials using
                  holographic laser steering},
  institution =	 {Arryx, Inc.},
  year =	 2007,
  type =	 {U.~S.~Patent},
  number =	 {7,241,988}
}

@TechReport{gruber09,
  author =	 {Gruber, Lewis and Bradley, Kenneth and Lopes, Ward
                  and Lancelot, Robert and Plewa, Joseph and Grier,
                  David},
  title =	 {System and method of sorting materials using
                  holographic laser steering},
  institution =	 {Arryx, Inc.},
  year =	 2009,
  type =	 {U.~S.~Patent},
  number =	 {7,482,577}
}

@Article{han03,
  author =	 {Han, Yilong and Grier, David G.},
  title =	 {Vortex rings in a constant electric field},
  journal =	 {Nature},
  year =	 2003,
  volume =	 424,
  number =	 6946,
  pages =	 267,
  key =		 {colloid, electrophoresis, hydrodynamics,
                  interaction},
  lastmodified = 20030428,
  version =	 {nrings1c},
  doi =		 {10.1038/424267b}
}

@Article{han03a,
  author =	 {Han, Yilong and Grier, David G.},
  title =	 {Confinement-induced colloidal attractions in
                  equilibrium},
  journal =	 PRL,
  year =	 2003,
  key =		 {colloid, interaction},
  volume =	 91,
  number =	 3,
  pages =	 038302,
  lastmodified = 20030510,
  version =	 {eqattract4c},
  doi =		 {10.1103/PhysRevLett.91.038302}
}

@Article{han04,
  author =	 {Han, Yilong and Grier, David G.},
  title =	 {Configurational temperature of charge-stabilized
                  colloidal monolayers},
  journal =	 PRL,
  year =	 2004,
  key =		 {colloid, interaction},
  volume =	 92,
  pages =	 148301,
  lastmodified = 20031218,
  version =	 {tconfig3c},
  archivePrefix ={arXiv},
  eprint =	 {cond-mat/0312416},
  doi =		 {10.1103/PhysRevLett.92.148301}
}

@Article{han05,
  author =	 {Han, Yilong and Grier, David G.},
  title =	 {Colloidal electroconvection in a thin horizontal
                  cell {I.} Microscopic cooperative patterns at low
                  voltage},
  journal =	 JCP,
  year =	 2005,
  key =		 {colloid, pattern formation},
  volume =	 122,
  number =	 16,
  pages =	 164701,
  version =	 {micro4c},
  archivePrefix ={arXiv},
  eprint =	 {cond-mat/0409235},
  lastmodified = 20050202,
  doi =		 {10.1063/1.1884599}
}

@Article{han05a,
  author =	 {Han, Yilong and Grier, David G.},
  title =	 {Configurational temperatures and interactions in
                  charge-stabilized colloid},
  journal =	 JCP,
  year =	 2005,
  lastmodified = 20041104,
  version =	 {sotconfig4c},
  key =		 {colloid, interaction},
  volume =	 122,
  pages =	 064907,
  archivePrefix ={arXiv},
  eprint =	 {cond-mat/0407709},
  doi =		 {10.1063/1.1844351}
}

@Article{han06,
  author =	 {Han, Yilong and Grier, David G.},
  title =	 {Colloidal electroconvection in a thin horizontal
                  cell: {II.} Bulk electroconvection of water during
                  parallel-plate electrolysis},
  journal =	 JCP,
  year =	 2006,
  key =		 {colloid, pattern formation},
  volume =	 125,
  number =	 14,
  pages =	 144706,
  version =	 {macro3c},
  lastmodified = 20060515,
  doi =		 {10.1063/1.2349486}
}

@Article{han12,
  author =	 {Han, Yilong and Grier, David G.},
  title =	 {Colloidal electroconvection in a thin horizontal
                  cell: {III.} Interfacial and transient patterns on
                  electrodes},
  journal =	 JCP,
  year =	 2012,
  volume =	 137,
  pages =	 014504,
  version =	 {surface14c},
  lastmodified = 20120316,
  doi =		 {10.1063/1.4730752}
}

@Article{hannel15,
  author =	 {Hannel, Mark and Middleton, Christine and Grier,
                  David G.},
  title =	 {Holographic characterization of imperfect colloidal
                  spheres},
  journal =	 APL,
  year =	 2015,
  volume =	 107,
  pages =	 141905,
  version =	 {dimpled4c},
  lastmodified = 20150815,
  archivePrefix ={arXiv},
  eprint =	 {1508.01710},
  primaryClass = {cond-mat.soft},
  doi =		 {10.1063/1.4932948}
}

@Article{hannel18,
  author =	 {Hannel, Mark D. and Abdulali, Aidan and O'Brien,
                  Michael and Grier, David G.},
  title =	 {Machine-learning techniques for fast and accurate
                  feature localization in holograms of colloidal particles},
  journal =	 OX,
  year =	 2018,
  volume =	 { },
  pages =	 {submitted for publication},
  version =	 {cascade8c},
  lastmodified = 20180511,
  eprint =	 {1804.06885},
  primaryClass = {cond-mat.soft}
}

@incollection{hecker88,
  key =		 {ECD, pattern formation, experiment},
  author =	 {Hecker, Nancy and Grier, David G. and Sander, L.~M.},
  editor =	 {Weitz, David A. and Sander, Leonard M. and
                  Mandelbrot, Benoit B.},
  title =	 {Dense growth in electrochemical deposition},
  booktitle =	 {Fractal Aspects of Materials: Disordered Systems},
  pages =	 {17-19},
  year =	 1988,
  publisher =	 {Materials Research Society},
  address =	 {Pittsburgh, PA}
}

@Article{irvine13,
  author =	 {Irvine, William T. M. and Hollingsworth, Andrew
                  D. and Grier, David G. and Chaikin, Paul M.},
  title =	 {Dislocation reactions, grain boundaries and
                  irreversibility in two dimensional lattices using
                  topological tweezers},
  journal =	 PNAS,
  year =	 2013,
  volume =	 110,
  pages =	 {15544-15548},
  lastmodified = 20130210,
  doi =		 {10.1073/pnas.1300787110}
}

@Article{kelleher15,
  author =	 {Kelleher, Colm P. and Wang, Anna and
                  Guerrero-Garc\'ia, Guillermo Iv\'an and
                  Hollingsworth, Andrew D. and Guerra, Rodrigo E. and
                  Krishnatreya, Bhaskar Jyoti and Grier, David G. and
                  Manoharan, Vinothan N. and Chaikin, Paul M.},
  title =	 {Charged hydrophobic colloids at an oil-aqueous phase
                  interface},
  journal =	 PRE,
  year =	 2015,
  volume =	 92,
  doi =		 {10.1103/PhysRevE.92.062306},
  pages =	 062306,
  lastmodified = 20151009
}

@Article{korda01,
  author =	 {Korda, Pamela T. and Grier, David G.},
  title =	 {Annealing thin colloidal crystals with optical
                  gradient forces},
  journal =	 JCP,
  year =	 2001,
  key =		 {colloid, optical tweezer, phase transition},
  volume =	 114,
  number =	 17,
  pages =	 {7570-7573},
  lastmodified = 20010109,
  version =	 {anneal7b},
  doi =		 {10.1063/1.1359741}
}

@Article{korda02,
  author =	 {Korda, Pamela T. and Spalding, Gabriel C. and
                  Dufresne, Eric R. and Grier, David G.},
  title =	 {Nanofabrication with holographic optical tweezers},
  journal =	 RSI,
  year =	 2002,
  key =		 {colloid, optical tweezer, MEMS},
  volume =	 73,
  pages =	 {1956-1957},
  lastmodified = 20001116,
  version =	 {fillingb},
  doi =		 {10.1063/1.1455136}
}

@Article{korda02a,
  author =	 {Korda, Pamela T. and Spalding, Gabriel C. and Grier,
                  David G.},
  title =	 {Evolution of a colloidal critical state in an
                  optical pinning potential},
  journal =	 PRB,
  year =	 2002,
  volume =	 66,
  number =	 2,
  pages =	 024504,
  key =		 {hot, colloid, phase transition},
  lastmodified = 20020328,
  version =	 {bean8c},
  doi =		 {10.1103/PhysRevB.66.024504}
}

@Article{korda02b,
  author =	 {Korda, Pamela T. and Taylor, Michael B. and Grier,
                  David G.},
  title =	 {Kinetically locked-in colloidal transport in an
                  array of optical tweezers},
  journal =	 PRL,
  year =	 2002,
  volume =	 89,
  number =	 12,
  pages =	 128301,
  key =		 {hot, colloid, fractionation},
  lastmodified = 20020802,
  version =	 {pachinko6c},
  doi =		 {10.1103/PhysRevLett.89.128301}
}

@Article{koss03,
  author =	 {Koss, Brian A. and Grier, David G.},
  title =	 {Optical peristalsis},
  journal =	 APL,
  year =	 2003,
  key =		 {hot, optical tweezer, colloid, biology,
                  fractionation},
  volume =	 82,
  number =	 22,
  pages =	 {3985-3987},
  lastmodified = 20030401,
  version =	 {peristalsis2c},
  doi =		 {10.1063/1.1579859}
}

@Article{krishnatreya14,
  author =	 {Krishnatreya, Bhaskar Jyoti and Colen-Landy, Arielle
                  and Hasebe, Paige and Bell, Breanna A. and Jones,
                  Jasmine R. and Sunda-Meya, Anderson and Grier, David
                  G.},
  title =	 {Measuring {Boltzmann}'s constant through holographic
                  video microscopy of a single sphere},
  journal =	 AJP,
  year =	 2014,
  volume =	 82,
  pages =	 {23-31},
  lastmodified = 20130717,
  version =	 {boltzmann4c},
  doi =		 {10.1119/1.4827275}
}

@Article{krishnatreya14a,
  author =	 {Krishnatreya, Bhaskar Jyoti and Grier, David G.},
  title =	 {Fast feature identification for holographic
                  tracking: The orientation alignment transform},
  journal =	 OX,
  year =	 2014,
  volume =	 22,
  pages =	 {12773-12778},
  lastmodified = 20140313,
  version =	 {circle5c},
  doi =		 {10.1364/OE.22.012773}
}

@Article{ladavac04,
  author =	 {Ladavac, Kosta and Kasza, Karen and Grier, David G.},
  title =	 {Sorting by periodic potential energy landscapes:
                  Optical fractionation},
  journal =	 PRE,
  year =	 2004,
  key =		 {colloid, optical tweezer, hot, microfluidics,
                  fractionation},
  volume =	 70,
  number =	 1,
  pages =	 {010901(R)},
  archivePrefix ={arXiv},
  eprint =	 {cond-mat/0310396},
  lastmodified = 20040526,
  version =	 {fractionation8c},
  doi =		 {10.1103/PhysRevE.70.010901}
}

@Article{ladavac04a,
  author =	 {Ladavac, Kosta and Grier, David G.},
  title =	 {Microoptomechanical pump assembled and driven by
                  holographic optical vortex arrays},
  journal =	 OX,
  year =	 2004,
  key =		 {hot, microfluidics, optical vortex},
  volume =	 12,
  number =	 6,
  pages =	 {1144-1149},
  lastmodified = 20040312,
  version =	 {pump2c},
  doi =		 {10.1364/OPEX.12.001144},
  eprint =	 {cond-mat/0402634},
}

@Article{ladavac05,
  author =	 {Ladavac, Kosta and Grier, David G.},
  title =	 {Colloidal hydrodynamic coupling in concentric
                  optical vortices},
  journal =	 EPL,
  year =	 2005,
  key =		 {hot, microfluidics, optical vortex},
  volume =	 70,
  number =	 4,
  pages =	 {548-554},
  lastmodified = 20050214,
  version =	 {concentric4c},
  archivePrefix ={arXiv},
  eprint =	 {cond-mat/0503431},
  doi =		 {10.1209/epl/i2005-10022-6}
}

@article{larsen94,
  key =		 {ECD, pattern formation},
  author =	 {Larsen, Amy E. and Grier, David G. and Halsey,
                  Thomas C.},
  title =	 {Scaling in the frequency-dependent admittance of
                  electrodeposited fractal electrodes},
  journal =	 {Fractals},
  pages =	 {191-200},
  year =	 1994,
  volume =	 2,
  number =	 2,
  lastmodified = 19940601,
  doi =		 {10.1142/S0218348X94000181}
}

@article{larsen95,
  key =		 {ECD, pattern formation},
  author =	 {Larsen, Amy E. and Grier, David G. and Halsey,
                  Thomas C.},
  title =	 {Double layer relaxation at rough electrodes},
  journal =	 PRE,
  pages =	 {R2161-R2164},
  year =	 1995,
  volume =	 52,
  number =	 3,
  lastmodified = 19960317,
  version =	 {scale},
  doi =		 {10.1103/PhysRevE.52.R2161}
}

@article{larsen96,
  key =		 {colloid, interaction, phase transition},
  author =	 {Larsen, Amy E. and Grier, David G.},
  title =	 {Melting of metastable crystallites in
                  charge-stabilized colloidal suspensions},
  journal =	 PRL,
  pages =	 {3862-3865},
  year =	 1996,
  volume =	 76,
  number =	 20,
  lastmodified = 19960311,
  version =	 {meta5c},
  doi =		 {10.1103/PhysRevLett.76.3862}
}

@article{larsen97,
  key =		 {colloid, phase transition, interaction},
  author =	 {Larsen, Amy E. and Grier, David G.},
  title =	 {Like-charge attractions in metastable colloidal
                  crystallites},
  journal =	 {Nature},
  pages =	 {230-233},
  year =	 1997,
  volume =	 385,
  lastmodified = 19961202,
  version =	 {energy4b},
  doi =		 {10.1038/385230a0}
}

@Article{lee05,
  author =	 {Lee, Sang-Hyuk and Ladavac, Kosta and Polin, Marco
                  and Grier, David G.},
  title =	 {Observation of flux reversal in a symmetric optical
                  thermal ratchet},
  journal =	 PRL,
  year =	 2005,
  key =		 {hot, cgh, colloid},
  volume =	 94,
  number =	 11,
  pages =	 110601,
  archivePrefix ={arXiv},
  eprint =	 {cond-mat/0411731},
  lastmodified = 20050105,
  version =	 {ratchet4c},
  doi =		 {10.1103/PhysRevLett.94.110601}
}

@Article{lee05a,
  author =	 {Lee, Sang-Hyuk and Grier, David G.},
  title =	 {Flux reversal in a two-state symmetric optical
                  thermal ratchet},
  key =		 {cgh, hot, ratchet},
  journal =	 PRE,
  year =	 2005,
  volume =	 71,
  pages =	 {060102(R)},
  version =	 {twostate4c},
  lastmodified = 20050404,
  archivePrefix ={arXiv},
  eprint =	 {cond-mat/0506285},
  doi =		 {10.1103/PhysRevE.71.060102}
}

@Article{lee05c,
  author =	 {Lee, Sang-Hyuk and Grier, David G.},
  title =	 {Robustness of holographic optical traps against
                  phase scaling errors},
  journal =	 OX,
  year =	 2005,
  key =		 {cgh, hot},
  volume =	 13,
  number =	 19,
  pages =	 {7458-7465},
  version =	 {robust2c},
  lastmodified = 20050815,
  doi =		 {10.1364/OPEX.13.007458}
}

@Article{lee05d,
  author =	 {Lee, Sang-Hyuk and Grier, David G.},
  title =	 {One-dimensional optical thermal ratchets},
  journal =	 JPhysCM,
  year =	 2005,
  key =		 {cgh, hot, ratchet},
  volume =	 17,
  number =	 47,
  pages =	 {S3685-S3695},
  version =	 {ratchetreview3c},
  lastmodified = 20050606,
  doi =		 {10.1088/0953-8984/17/47/003}
}

@Article{lee06a,
  author =	 {Lee, Sang-Hyuk and Grier, David G.},
  title =	 {Giant colloidal diffusivity on corrugated optical
                  vortices},
  journal =	 PRL,
  year =	 2006,
  key =		 {cgh, hot, dynamics},
  volume =	 96,
  pages =	 190601,
  version =	 {giant4c},
  lastmodified = 20060427,
  archivePrefix ={arXiv},
  eprint =	 {cond-mat/0603558},
  doi =		 {10.1103/PhysRevLett.96.190601}
}

@Article{lee07,
  author =	 {Lee, Sang-Hyuk and Grier, David G},
  title =	 {Holographic microscopy of holographically trapped
                  three-dimensional structures},
  journal =	 OX,
  year =	 2007,
  key =		 {cgh, hot, microscopy},
  volume =	 15,
  pages =	 {1505-1512},
  version =	 {hotmicroscopy2c},
  lastmodified = 20070211,
  doi =		 {10.1364/OE.15.001505}
}

@Article{lee07a,
  author =	 {Lee, Sang-Hyuk and Roichman, Yohai and Yi, Gi-Ra and
                  Kim, Shin-Hyun and Yang, Seung-Man and van
                  Blaaderen, Alfons and van Oostrum, Peter and Grier,
                  David G.},
  title =	 {Characterizing and tracking single colloidal
                  particles with video holographic microscopy},
  journal =	 OX,
  year =	 2007,
  key =		 {cgh, hot, dhm, microscopy},
  volume =	 15,
  pages =	 {18275-18282},
  version =	 {index12c},
  eprint =	 {0712.1738},
  lastmodified = 20071209,
  doi =		 {10.1364/OE.15.018275}
}

@Article{lee10,
  author =	 {Lee, Sang-Hyuk and Roichman, Yohai and Grier, David
                  G.},
  title =	 {Optical solenoid beams},
  journal =	 OX,
  year =	 2010,
  key =		 {hot, cgh},
  volume =	 18,
  pages =	 {6988-6993},
  lastmodified = 20100314,
  version =	 {solenoid5c},
  doi =		 {10.1364/OE.18.006988}
}

@TechReport{lee10a,
  author =	 {Lee, Sang-Hyuk and Grier, David G.},
  title =	 {Holographic microscopy of holographically trapped
                  three-dimensional structures},
  institution =	 {New York University},
  year =	 2010,
  type =	 {U.~S.~Patent},
  number =	 {7,839,551},
  version =	 {US7839551.pdf}
}

@Article{leunissen09,
  author =	 {Leunissen, Mirjam E. and Dreyfus, R\'emi and Cheong,
                  Fook Chiong and Grier, David G. and Sha, Roujie and
                  Seeman, Nadrian C. and Chaikin, Paul M.},
  title =	 {Switchable self-protected attractions in
                  {DNA}-functionalized colloids},
  journal =	 {Nature Materials},
  year =	 2009,
  volume =	 8,
  pages =	 {590-595},
  lastmodified = 20090529,
  doi =		 {10.1038/nmat2471}
}

@article{lin96,
  key =		 {pattern formation, ECD},
  author =	 {Lin, Juan K. and Grier, David G.},
  title =	 {Stability of densely branched growth in dissipative
                  diffusion controlled systems},
  journal =	 PRE,
  pages =	 {2690-2695},
  year =	 1996,
  volume =	 54,
  number =	 3,
  lastmodified = 19960520,
  version =	 {growth3b},
  doi =		 {10.1103/PhysRevE.54.2690}
}

@article{lin97,
  key =		 {theory},
  author =	 {Lin, Juan K. and Grier, David G. and Cowan, Jack D.},
  title =	 {Faithful representation of separable distributions},
  journal =	 NC,
  pages =	 {1305-1320},
  year =	 1997,
  volume =	 9,
  lastmodified = 19970815,
  doi =		 {10.1162/neco.1997.9.6.1305}
}

@incollection{lin97a,
  key =		 {theory},
  author =	 {Lin, Juan K. and Grier, David G. and Cowan, Jack D.},
  editor =	 {Principe, J.},
  title =	 {Feature extraction approach to blind source
                  separation},
  booktitle =	 {Neural Networks for Signal Processing VII},
  year =	 1997,
  publisher =	 {IEEE},
  lastmodified = 19970000
}

@Article{moerman17,
  author =	 {Moerman, Pepijn G. and Moyses, Henrique W. and van
                  der Wee, Ernest B. and Grier, David G. and van
                  Blaaderen, Alfons and Kegel, Willem K. and
                  Groenewold, Jan and Brujic, Jasna},
  title =	 {Solute-mediated interactions between active
                  droplets},
  journal =	 PRE,
  year =	 2017,
  volume =	 96,
  pages =	 032607,
  lastmodified = 20170630,
  doi =		 {10.1103/PhysRevE.96.032607}
}

@Article{mondal18,
  author =	 {Mondal, Argha and Yevick and Aaron and Blackburn,
                  Lauren C. and Kanellakopoulos, Nikitas and Grier,
                  David G.},
  title =	 {Projecting non-diffracting waves with
                  intermediate-plane holography},
  journal =	 OX,
  year =	 2018,
  volume =	 26,
  pages =	 {3926-3931},
  lastmodified = 20180325,
  version =	 {intermediate3c},
  doi =		 {10.1364/OE.26.003926}
}

@article{morkved94,
  key =		 {MEMS},
  author =	 {Morkved, T. L. and Wiltzius, P. and Jaeger,
                  H. M. and Grier, D. G. and Witten, T. A.},
  title =	 {Mesoscopic self-assembly of gold islands on
                  diblock-copolymer films},
  journal =	 APL,
  pages =	 {422-424},
  year =	 1994,
  volume =	 64,
  number =	 4,
  lastmodified = 19930716,
  doi =		 {10.1063/1.111118}
}

@Article{moyses13,
  author =	 {Moyses, Henrique and Krishnatreya, Bhaskar Jyoti and
                  Grier, David G.},
  title =	 {Robustness of holographic video microscopy against
                  defects in illumination},
  journal =	 OX,
  year =	 2013,
  volume =	 21,
  pages =	 {5968-5973},
  lastmodified = 20130227,
  version =	 {divergence8c},
  doi =		 {10.1364/OE.21.005968}
}

@Article{moyses15,
  author =	 {Moyses, Henrique and Bauer, Ross O. and Grosberg,
                  Alexander Y. and Grier, David G.},
  title =	 {Perturbative theory for {Brownian} vortexes},
  journal =	 PRE,
  year =	 2015,
  volume =	 91,
  pages =	 062144,
  lastmodified = 20150417,
  version =	 {brownianvortex11c},
  doi =		 {10.1103/PhysRevE.91.062144}
}

@Article{moyses16,
  author =	 {Moyses, Henrique and Palacci, J\'er\'emie and
                  Sacanna, Stefano and Grier, David G.},
  title =	 {Trochoidal trajectories of self-propelled {Janus}
                  particles in a diverging laser beam},
  journal =	 {Soft Matter},
  year =	 2016,
  volume =	 16,
  pages =	 {6357-6364},
  doi =		 {10.1039/C6SM01163B},
  version =	 {swimdance9c},
  lastmodified = 20160610
}

@article{mueth96,
  key =		 {colloid, hydrodynamics, pattern formation},
  author =	 {Mueth, Daniel M. and Crocker, John C. and Esipov,
                  Sergei E. and Grier, David G.},
  title =	 {Origin of stratification in creaming emulsions},
  journal =	 PRL,
  pages =	 {578-581},
  year =	 1996,
  volume =	 77,
  number =	 3,
  lastmodified = 19960608,
  version =	 {strata2b},
  doi =		 {10.1103/PhysRevLett.77.578}
}

@article{mungan98,
  key =		 {superconductor, interaction},
  author =	 {Mungan, Muhittin and Sow, Chorng-Haur and
                  Coppersmith, Susan N. and Grier, David G.},
  title =	 {Determining pair interactions from structural
                  correlations},
  journal =	 PRB,
  pages =	 {14588-14593},
  year =	 1998,
  volume =	 58,
  lastmodified = 19980813,
  version =	 {LQb},
  archivePrefix ={arXiv},
  eprint =	 {cond-mat/9807335},
  doi =		 {10.1103/PhysRevB.58.14588}
}

@article{murray95,
  key =		 {colloid, phase transition},
  author =	 {Murray, Cherry A. and Grier, David G.},
  title =	 {Colloidal crystals},
  journal =	 AS,
  pages =	 {238-245},
  year =	 1995,
  volume =	 83,
  lastmodified = 19950501,
  url =		 {http://www.jstor.org/stable/29775442}
}

@article{murray96a,
  key =		 {colloid, phase transition},
  author =	 {Murray, Cherry A. and Grier, David G.},
  title =	 {Video microscopy of monodisperse colloidal systems},
  journal =	 ARPC,
  pages =	 {421-462},
  volume =	 47,
  year =	 1996,
  lastmodified = 19961001,
  doi =		 {10.1146/annurev.physchem.47.1.421}
}

@Article{pelton04,
  author =	 {Pelton, Matthew and Grier, David G. and
                  Guyot-Sionnest, Philippe},
  title =	 {Power spectrum of blinking quantum dots},
  journal =	 APL,
  year =	 2004,
  key =		 {noise,colloid},
  volume =	 85,
  number =	 5,
  pages =	 {819-821},
  lastmodified = 20040609,
  version =	 {dots4c},
  archivePrefix ={arXiv},
  eprint =	 {cond-mat/040459},
  doi =		 {10.1063/1.1779356}
}

@article{pelton04a,
  author =	 {Pelton, Matthew and Ladavac, Kosta and Grier, David
                  G.},
  title =	 {Transport and fractionation in periodic
                  potential-energy landscapes},
  journal =	 PRE,
  year =	 2004,
  key =		 {hot, microfluidics},
  volume =	 70,
  pages =	 031108,
  archivePrefix ={arXiv},
  eprint =	 {cond-mat/0404242},
  lastmodified = 20040629,
  version =	 {frac8c},
  doi =		 {10.1103/PhysRevE.70.031108}
}

@Article{philips17,
  author =	 {Philips, Laura A. and Ruffner, David B. and Cheong,
                  Fook Chiong and Blusewicz, Jaroslaw M. and Kasimbeg,
                  Priya and Waisi, Basma and McCutcheon, Jeffrey and
                  Grier, David G.},
  title =	 {Holographic characterization of contaminants in
                  water: Differentiation of suspended particles in
                  heterogeneous dispersions},
  journal =	 {Water Research},
  year =	 2017,
  volume =	 122,
  pages =	 {431-439},
  lastmodified = 20170505,
  version =	 {wastewater11c},
  doi =		 {10.1016/j.watres.2017.06.006}
}

@Article{phillips14,
  author =	 {Phillips, Carolyn L. and Jankowski, Eric and
                  Krishnatreya, Bhaskar Jyoti and Edmond, Kazem V. and
                  Sacanna, Stefano and Grier, David G. and Pine, David
                  J. and Glotzer, Sharon C.},
  title =	 {Digital colloids: Reconfigurable clusters as high
                  information density elements},
  journal =	 {Soft Matter},
  year =	 2014,
  volume =	 10,
  pages =	 {7468-7479},
  lastmodified = 20140619,
  version =	 {phillips14.pdf},
  doi =		 {10.1039/C4SM00796D}
}

@Article{plewa04,
  author =	 {Plewa, Joseph and Tanner, Evan and Mueth, Daniel
                  M. and Grier, David G.},
  title =	 {Processing carbon nanotubes with holographic optical
                  tweezers},
  journal =	 OX,
  year =	 2004,
  key =		 {hot, optical tweezer, nanotube},
  volume =	 12,
  number =	 9,
  pages =	 {1978-1981},
  lastmodified = 20040217,
  version =	 {nanotube3c},
  eprint =	 {cond-mat/0402454},
  doi =		 {10.1364/OPEX.12.001978}
}

@article{polin05,
  author =	 {Polin, Marco and Ladavac, Kosta and Lee, Sang-Hyuk
                  and Roichman, Yael and Grier, David G.},
  title =	 {Optimized holographic optical traps},
  journal =	 OX,
  year =	 2005,
  key =		 {hot, optical tweezer, cgh, dynamics},
  volume =	 13,
  number =	 15,
  pages =	 {5831-5845},
  lastmodified = 20050718,
  version =	 {optimal4c},
  archivePrefix ={arXiv},
  eprint =	 {cond-mat/0504203},
  doi =		 {10.1364/OPEX.13.005831}
}

@Article{polin06,
  author =	 {Polin, Marco and Grier, David G. and Quake, Stephen
                  R.},
  title =	 {Anomalous vibrational dispersion in holographically
                  trapped colloidal arrays},
  journal =	 PRL,
  year =	 2006,
  key =		 {HOT, CGH, hydrodynamics, colloid},
  volume =	 96,
  number =	 8,
  pages =	 088101,
  lastmodified = 20060125,
  version =	 {phonon10c},
  doi =		 {10.1103/PhysRevLett.96.088101}
}

@Article{polin07,
  author =	 {Polin, Marco and Grier, David G. and Han, Yilong},
  title =	 {Colloidal electrostatic interactions near a
                  conducting surface},
  journal =	 PRE,
  year =	 2007,
  key =		 {colloid, interaction, experiment},
  volume =	 76,
  pages =	 041406,
  version =	 {gold13c},
  lastmodified = 20070908,
  archivePrefix ={arXiv},
  eprint =	 {cond-mat/0605058},
  doi =		 {10.1103/PhysRevE.76.041406}
}

@Article{polin08,
  author =	 {Polin, Marco and Roichman, Yohai and Grier, David
                  G.},
  title =	 {Autocalibrated colloidal interaction measurements
                  with extended optical traps},
  journal =	 PRE,
  year =	 2008,
  key =		 {colloid, interaction, hot},
  volume =	 77,
  pages =	 051401,
  version =	 {linepotential6c},
  lastmodified = 20080412,
  doi =		 {10.1103/PhysRevE.77.051401}
}

@article{radnoczi87,
  key =		 {pattern formation, experiment, fractal},
  author =	 {Radnoczi, Gy. and Vicsek, T. and Sander, L. M. and
                  Grier, D.},
  title =	 {Growth of fractal crystals in amorphous GeSe$_2$
                  films},
  journal =	 PRA,
  pages =	 {4012-4015},
  year =	 1987,
  volume =	 35,
  number =	 9,
  lastmodified = 19860922,
  doi =		 {10.1103/PhysRevA.35.4012}
}

@Article{roichman05,
  author =	 {Roichman, Yael and Grier, David G.},
  title =	 {Holographic assembly of quasicrystalline photonic
                  heterostructures},
  journal =	 OX,
  year =	 2005,
  key =		 {hot, cgh, colloid, quasicrystal},
  volume =	 13,
  number =	 14,
  pages =	 {5434-5439},
  lastmodified = 20050626,
  version =	 {quasi5c},
  doi =		 {10.1364/OPEX.13.005434},
  eprint =	 {cond-mat/0506283},
}

@Article{roichman06,
  author =	 {Roichman, Yohai and Grier, David G.},
  title =	 {Projecting extended optical traps with shape-phase
                  holography},
  journal =	 OL,
  year =	 2006,
  key =		 {hot, cgh, colloid},
  volume =	 31,
  number =	 11,
  pages =	 {1675-1677},
  lastmodified = 20060203,
  version =	 {line5c},
  doi =		 {10.1364/OL.31.001675}
}

@Article{roichman06a,
  author =	 {Roichman, Yael and Waldron, Alexander S. and Gardel,
                  Emily and Grier, David G.},
  title =	 {Performance of optical traps with geometric
                  aberrations},
  journal =	 AO,
  year =	 2006,
  key =		 {hot, cgh, colloid, dynamics},
  volume =	 45,
  number =	 15,
  pages =	 {3425-3429},
  lastmodified = 20051111,
  version =	 {aberration5c},
  doi =		 {10.1364/AO.45.003425}
}

@Article{roichman06c,
  author =	 {Roichman, Yohai and Cholis, Ilias and Grier, David
                  G.},
  title =	 {Volumetric imaging of holographic optical traps},
  journal =	 OX,
  year =	 2006,
  key =		 {hot, cgh},
  volume =	 14,
  pages =	 {10907-10912},
  lastmodified = 20061014,
  version =	 {line3d3c},
  doi =		 {10.1364/OE.14.010907}
}

@Article{roichman07,
  author =	 {Roichman, Yael and Zaslavsky, George M. and Grier,
                  David G.},
  title =	 {Anomalous collective dynamics in optically driven
                  colloidal rings},
  journal =	 PRE,
  year =	 2007,
  key =		 {hot, cgh, colloid, dynamics},
  volume =	 75,
  pages =	 {020401(R)},
  lastmodified = 20061115,
  version =	 {chaos6c},
  archivePrefix ={arXiv},
  eprint =	 {cond-mat/0605686},
  doi =		 {10.1103/PhysRevE.75.020401}
}

@Article{roichman07a,
  author =	 {Roichman, Yael and Wong, Victor and Grier, David G.},
  title =	 {Colloidal transport through optical tweezer arrays},
  journal =	 PRE,
  year =	 2007,
  key =		 {hot, cgh, fractionation},
  volume =	 75,
  pages =	 011407,
  lastmodified = 20061031,
  version =	 {transport3c},
  archivePrefix ={arXiv},
  eprint =	 {cond-mat/0609276},
  doi =		 {10.1103/PhysRevE.75.011407}
}

@Article{roichman07b,
  author =	 {Roichman, Yohai and Grier, David G.},
  title =	 {Three-dimensional holographic ring traps},
  journal =	 PSPIE,
  year =	 2007,
  key =		 {hot, cgh},
  volume =	 6483,
  pages =	 {64830F},
  lastmodified = 20061024,
  version =	 {ring3c},
  doi =		 {10.1117/12.701034}
}


@Article{roichman08,
  author =	 {Roichman, Yohai and Sun, Bo and Roichman, Yael and
                  Amato-Grill, Jesse and Grier, David G.},
  title =	 {Optical forces arising from phase gradients},
  journal =	 PRL,
  year =	 2008,
  key =		 {hot, cgh},
  volume =	 100,
  pages =	 013602,
  lastmodified = 20071105,
  version =	 {phaseforce9c},
  archivePrefix ={arXiv},
  eprint =	 {cond-mat/0703543},
  primaryClass = {cond-mat.soft},
  doi =		 {10.1103/PhysRevLett.100.013602}
}

@Article{roichman08a,
  author =	 {Roichman, Yohai and Sun, Bo and Stolarski, Allan and
                  Grier, David G.},
  title =	 {Influence of non-conservative optical forces on the
                  dynamics of optically trapped colloidal spheres: The
                  fountain of probability},
  journal =	 PRL,
  year =	 2008,
  key =		 {hot, cgh, dhm},
  volume =	 101,
  pages =	 128301,
  lastmodified = 20080820,
  version =	 {fountain6c},
  archivePrefix ={arXiv},
  eprint =	 {0804.0730},
  doi =		 {10.1103/PhysRevLett.101.128301}
}

@TechReport{roichman09,
  author =	 {Roichman, Yohai and Grier, David G. and Cholis,
                  Ilias},
  title =	 {Extended optical traps by shape-phase holography},
  institution =	 {New York University},
  year =	 2009,
  type =	 {U.~S.~Patent},
  number =	 {7,491,928},
  version =	 {US7491928.pdf}
}

@TechReport{roichman10,
  author =	 {Roichman, Yohai and Cholis, Ilias and Grier, David
                  G.},
  title =	 {Volumetric imaging of holographic optical traps},
  institution =	 {New York University},
  year =	 2010,
  type =	 {U.~S.~Patent},
  number =	 {7,835,051},
  version =	 {US7835051.pdf}
}

@TechReport{roichman11,
  author =	 {Roichman, Yohai and Grier, David G. and Cholis,
                  Ilias},
  title =	 {System for characterizing a light field},
  institution =	 {New York University},
  year =	 2011,
  type =	 {U.~S.~Patent},
  number =	 {7,897,910},
  version =	 {US7897910.pdf}
}

@TechReport{roichman11a,
  author =	 {Roichman, Yohai and Cholis, Ilias and Grier, David
                  G.},
  title =	 {Volumetric imaging of holographic optical traps},
  institution =	 {New York University},
  year =	 2011,
  type =	 {U.~S.~Patent},
  number =	 {8,059,321},
  version =	 {US8059321.pdf}
}

@TechReport{roichman12,
  author =	 {Roichman, Yohai and Sun, Bo and Roichman, Yael and
                  Amato-Grill, Jesse and Grier, David G.},
  title =	 {System for applying optical forces from phase
                  gradients},
  institution =	 {New York University},
  year =	 2012,
  type =	 {U.~S.~Patent},
  number =	 {8,174,742},
  version =	 {US8174742.pdf}
}

@TechReport{roichman12a,
  author =	 {Roichman, Yohai and Grier, David G.},
  title =	 {Three-dimensional holographic ring traps},
  institution =	 {New York University},
  year =	 2012,
  type =	 {U.~S.~Patent},
  number =	 {8,179,577},
  version =	 {US8179577.pdf}
}

@TechReport{roichman13,
  author =	 {Roichman, Yohai and Cholis, Ilias and Grier, David
                  G.},
  title =	 {Volumetric imaging of holographic optical traps},
  institution =	 {New York Univeristy},
  year =	 2013,
  type =	 {U.~S.~Patent},
  number =	 {8,472,094},
  version =	 {US8472094.pdf}
}

@Article{ruffner12,
  author =	 {Ruffner, David B. and Grier, David G.},
  title =	 {Optical forces and torques in non-uniform beams of
                  light},
  journal =	 PRL,
  year =	 2012,
  volume =	 108,
  pages =	 173602,
  version =	 {polarization10c},
  lastmodified = 20120301,
  doi =		 {10.1103/PhysRevLett.108.173602}
}

@Article{ruffner12a,
  author =	 {Ruffner, David B. and Grier, David G.},
  title =	 {Optical conveyors: A class of active tractor beams},
  journal =	 PRL,
  year =	 2012,
  volume =	 109,
  pages =	 163903,
  version =	 {conveyor7c},
  lastmodified = 20120930,
  doi =		 {10.1103/PhysRevLett.109.163903}
}

@Article{ruffner13,
  author =	 {Ruffner, David B. and Grier, David G.},
  title =	 {Comment on `{Scattering} Forces from the Curl of the
                  Spin Angular Momentum of a Light Field'},
  journal =	 PRL,
  year =	 2013,
  volume =	 111,
  pages =	 059301,
  version =	 {amls_comment2c},
  lastmodified = 20130531,
  doi =		 {10.1103/PhysRevLett.111.059301}
}

@Article{ruffner14,
  author =	 {Ruffner, David B. and Grier, David G.},
  title =	 {Universal, strong and long-ranged trapping by
                  optical conveyors},
  journal =	 OX,
  year =	 2014,
  volume =	 22,
  pages =	 {26834-26853},
  version =	 {soconveyor14c},
  lastmodified = 20141015,
  doi =		 {10.1364/OE.22.026834}
}

@incollection{sander89,
  key =		 {pattern formation, ECD, experiment},
  author =	 {Sander, L. M. and Grier, D.},
  editor =	 {Pietronero, L.},
  title =	 {Fractals and patterns in electrodeposition},
  booktitle =	 {Fractals, Physical Origin and Properties},
  conference =	 {Proceedings of the Special Seminar on Fractals,
                  Erice, Italy, October 9-15, 1988},
  pages =	 {229-237},
  year =	 1989,
  publisher =	 {Plenum Press},
  address =	 {New York},
  lastmodified = 19890000
}

@Article{shanblatt11,
  author =	 {Shanblatt, Elisabeth R. and Grier, David G.},
  title =	 {Extended and knotted optical traps in three
                  dimensions},
  journal =	 OX,
  year =	 2011,
  volume =	 19,
  pages =	 {5833-5838},
  version =	 {soring5c},
  lastmodified = 20110301,
  doi =		 {10.1364/OE.19.005833}
}

@Article{shpaisman12,
  author =	 {Shpaisman, Hagay and Krishnatreya, Bhaskar Jyoti and
                  Grier, David G.},
  title =	 {Holographic microrefractometer},
  journal =	 APL,
  year =	 2012,
  volume =	 101,
  pages =	 091102,
  version =	 {refractometer3c},
  lastmodified = 20120314,
  doi =		 {10.1063/1.4747168}
}

@Article{shpaisman13,
  author =	 {Shpaisman, Hagay and Ruffner, David B. and Grier,
                  David G.},
  title =	 {Light-driven three-dimensional rotational motion of
                  dandelion-shaped microparticles},
  journal =	 APL,
  year =	 2013,
  volume =	 102,
  pages =	 071103,
  lastmodified = 20130220,
  doi =		 {10.1063/1.4793401}
}

@TechReport{shpaisman15,
  author =	 {Shpaisman, Hagay and Krishnatreya, Bhaskar Jyoti and
                  Grier, David G.},
  title =	 {Holographic microrefractometer for determining
                  refractive index of a medium},
  institution =	 {New York University},
  year =	 2015,
  type =	 {U.~S.~Patent},
  number =	 {9,188,529},
  version =	 {US9188529B2.pdf}
}

@Article{sokolov11,
  author =	 {Sokolov, Yulia and Frydel, Derek and Grier, David
                  G. and Diamant, Haim and Roichman, Yael},
  title =	 {Hydrodynamic pair attractions between driven
                  colloidal particles},
  journal =	 PRL,
  year =	 2011,
  volume =	 107,
  pages =	 158302,
  lastmodified = 20110909,
  doi =		 {10.1103/PhysRevLett.107.158302}
}

@article{sow98,
  author =	 {Sow, Chorng-Haur and Harada, Ken and Tonomura, Akira
                  and Crabtree, George and Grier, David G.},
  title =	 {Measurement of the vortex pair interaction potential
                  in a {Type-II} superconductor},
  journal =	 PRL,
  pages =	 {2693-2696},
  year =	 1998,
  volume =	 80,
  number =	 12,
  key =		 {superconductor, flux lattice, interaction},
  lastmodified = 19980129,
  version =	 {potential7c},
  doi =		 {10.1103/PhysRevLett.80.2693}
}

@Article{sun08,
  author =	 {Sun, Bo and Roichman, Yohai and Grier, David G.},
  title =	 {Theory of holographic optical trapping},
  journal =	 OX,
  year =	 2008,
  volume =	 16,
  pages =	 {15765-15776},
  lastmodified = 20080909,
  version =	 {forces5c},
  doi =		 {10.1364/OE.16.015765}
}

@Article{sun08a,
  author =	 {Sun, Bo and Grier, David G.},
  title =	 {Comment: The effect of {Mie} resonances on trapping
                  in optical tweezers},
  journal =	 OX,
  year =	 2009,
  volume =	 17,
  pages =	 {2658-2660},
  lastmodified = 20081029,
  version =	 {miecomment2c},
  doi =		 {10.1364/OE.17.002658}
}

@Article{sun09,
  author =	 {Sun, Bo and Lin, Jiayi and Darby, Ellis and
                  Grosberg, Alexander Y. and Grier, David G.},
  title =	 {Brownian vortexes},
  journal =	 PRE,
  year =	 2009,
  volume =	 80,
  pages =	 {010401(R)},
  lastmodified = 20090507,
  version =	 {sofountain6c},
  doi =		 {10.1103/PhysRevE.80.010401}
}

@Article{sun10,
  author =	 {Sun, Bo and Grier, D. G. and Grosberg, Alexander Y.},
  title =	 {Minimal model for {Brownian} vortexes},
  journal =	 PRE,
  year =	 2010,
  volume =	 82,
  pages =	 021123,
  lastmodified = 20100808,
  version =	 {minimalbv13c},
  doi =		 {10.1103/PhysRevE.82.021123}
}

@Article{sundbeck05,
  author =	 {Sundbeck, Steven and Gruzberg, Ilya and Grier, David
                  G.},
  title =	 {Structure and scaling of helical modes of light},
  journal =	 OL,
  year =	 2005,
  key =		 {hot, optical tweezer, optical vortex},
  volume =	 30,
  pages =	 {477-479},
  lastmodified = 20041029,
  version =	 {sovortex5c},
  doi =		 {10.1364/OL.30.000477}
}

@Article{wang15,
  author =	 {Wang, Chen and Shpaisman, Hagay and Hollingsworth,
                  Andrew D. and Grier, David G.},
  title =	 {Celebrating \emph{Soft Matter}'s 10th Anniversary:
                  Monitoring colloidal growth with holographic
                  microscopy},
  journal =	 {Soft Matter},
  year =	 2015,
  volume =	 11,
  pages =	 {1062-1066},
  lastmodified = 20140824,
  version =	 {pdms8c},
  doi =		 {10.1039/C4SM01979B}
}

@Article{wang15a,
  author =	 {Wang, Chen and Moyses, Henrique W. and Grier, David
                  G.},
  title =	 {Stimulus-responsive colloidal sensors with fast
                  holographic readout},
  journal =	 APL,
  year =	 2015,
  volume =	 107,
  pages =	 051903,
  lastmodified = 20150723,
  archivePrefix ={arXiv},
  eprint =	 {1507.06680},
  primaryClass = {cond-mat.soft},
  version =	 {laplace8c},
  doi =		 {10.1063/1.4928178}
}

@Article{wang16,
  author =	 {Wang, Chen and Zhong, Xiao and Ruffner, David B. and
                  Stutt, Alexandra and Philips, Laura A. and Ward,
                  Michael D. and Grier, David G.},
  title =	 {Holographic characterization of protein aggregates},
  journal =	 JPharmSci,
  year =	 2016,
  volume =	 105,
  pages =	 {1074-1085},
  version =	 {protein7c},
  lastmodified = 20151218,
  doi =		 {10.1016/j.xphs.2015.12.018}
}

@Article{wang16a,
  author =	 {Wang, Chen and Cheong, Fook Chiong and Ruffner,
                  David B. and Zhong, Xiao and Ward, Michael D. and
                  Grier, David G.},
  title =	 {Holographic characterization of colloidal fractal
                  aggregates},
  journal =	 {Soft Matter},
  year =	 2016,
  volume =	 12,
  pages =	 {8774-8780},
  version =	 {fractal5c},
  lastmodified = 20160803,
  doi =		 {10.1039/C6SM01790H}
}

@article{weiss95,
  key =		 {colloid, phase transition},
  author =	 {Weiss, Jessica A. and Oxtoby, David W. and Grier,
                  David G. and Murray, Cherry A.},
  title =	 {Martensitic transition in a confined colloidal
                  suspension},
  journal =	 JCP,
  pages =	 {1180-1190},
  year =	 1995,
  volume =	 103,
  number =	 3,
  lastmodified = 19950215,
  version =	 {trisq},
  doi =		 {10.1063/1.469828}
}

@article{weiss98,
  key =		 {colloid, interaction, phase transition},
  author =	 {Weiss, Jessica A. and Larsen, Amy E. and Grier,
                  David G.},
  title =	 {Interactions, dynamics, and elasticity in
                  charge-stabilized colloidal crystals},
  journal =	 JCP,
  pages =	 {8659-8666},
  year =	 1998,
  volume =	 109,
  number =	 19,
  lastmodified = 19980608,
  version =	 {elastic7b},
  doi =		 {10.1063/1.477533}
}

@Article{xiao10,
  author =	 {Xiao, Ke and Grier, David G.},
  title =	 {Multidimensional optical fractionation with
                  holographic verification},
  journal =	 PRL,
  year =	 2010,
  volume =	 104,
  pages =	 028302,
  lastmodified = 20091216,
  version =	 {hvmfractionation6c},
  doi =		 {10.1103/PhysRevLett.104.028302}
}

@Article{xiao10a,
  author =	 {Xiao, Ke and Grier, David G.},
  title =	 {Sorting colloidal particles into multiple channels
                  with optical forces: Prismatic optical
                  fractionation},
  journal =	 PRE,
  year =	 2010,
  volume =	 82,
  pages =	 051407,
  lastmodified = 20101003,
  version =	 {prismatic5c},
  doi =		 {10.1103/PhysRevE.82.051407}
}

@Article{xiao11,
  author =	 {Xiao, Ke and Roichman, Yael and Grier, David G.},
  title =	 {Two-dimensional optical thermal ratchets based on
                  Fibonacci spirals},
  journal =	 PRE,
  year =	 2011,
  volume =	 84,
  pages =	 011131,
  lastmodified = 20110622,
  version =	 {fibonacci4c},
  doi =		 {10.1103/PhysRevE.84.011131}
}

@Article{yevick14,
  author =	 {Yevick, Aaron and Hannel, Mark and Grier, David G.},
  title =	 {Machine-learning approach to holographic particle
                  characterization},
  journal =	 OX,
  year =	 2014,
  volume =	 22,
  pages =	 {26884-26890},
  lastmodified = 20140925,
  version =	 {svr9c},
  doi =		 {10.1364/OE.22.026884}
}

@Article{yevick16,
  author =	 {Yevick, Aaron and Ruffner, David B. and Grier, David
                  G.},
  title =	 {Tractor beams in the {Rayleigh} limit},
  journal =	 PRA,
  year =	 2016,
  volume =	 93,
  pages =	 043807,
  lastmodified = 20160224,
  version =	 {photobessel14c},
  doi =		 {10.1103/PhysRevA.93.043807}
}

@Article{yevick17,
  author =	 {Yevick, Aaron and Evans, Daniel J. and Grier, David
                  G.},
  title =	 {Photokinetic analysis of the forces and torques
                  exerted by optical tweezers carrying angular
                  momentum},
  journal =	 PTRSLA,
  year =	 2017,
  volume =	 375,
  pages =	 20150432,
  lastmodified = 20160824,
  version =	 {phototweezer6c},
  doi =		 {10.1098/rsta.2015.0432}
}

@article{zinkl00,
  author =	 {Zinkl, Gregory M. and Zwiebel, Benjamin I. and
                  Grier, David G. and Preuss, Daphne},
  title =	 {Pollen-stigma adhesion in {Arabidopsis}: a
                  species-specific interaction mediated by lipophilic
                  molecules in the pollen exine},
  journal =	 {Development},
  pages =	 {5431-5440},
  year =	 2000,
  volume =	 126,
  number =	 23,
  lastmodified = 19991119
}
